%YAML 1.1
%TAG !u! tag:unity3d.com,2011:
--- !u!29 &1
OcclusionCullingSettings:
  m_ObjectHideFlags: 0
  serializedVersion: 2
  m_OcclusionBakeSettings:
    smallestOccluder: 5
    smallestHole: 0.25
    backfaceThreshold: 100
  m_SceneGUID: 00000000000000000000000000000000
  m_OcclusionCullingData: {fileID: 0}
--- !u!104 &2
RenderSettings:
  m_ObjectHideFlags: 0
  serializedVersion: 9
  m_Fog: 0
  m_FogColor: {r: 0.5, g: 0.5, b: 0.5, a: 1}
  m_FogMode: 3
  m_FogDensity: 0.01
  m_LinearFogStart: 0
  m_LinearFogEnd: 300
  m_AmbientSkyColor: {r: 0.212, g: 0.227, b: 0.259, a: 1}
  m_AmbientEquatorColor: {r: 0.114, g: 0.125, b: 0.133, a: 1}
  m_AmbientGroundColor: {r: 0.047, g: 0.043, b: 0.035, a: 1}
  m_AmbientIntensity: 1
  m_AmbientMode: 3
  m_SubtractiveShadowColor: {r: 0.42, g: 0.478, b: 0.627, a: 1}
  m_SkyboxMaterial: {fileID: 0}
  m_HaloStrength: 0.5
  m_FlareStrength: 1
  m_FlareFadeSpeed: 3
  m_HaloTexture: {fileID: 0}
  m_SpotCookie: {fileID: 10001, guid: 0000000000000000e000000000000000, type: 0}
  m_DefaultReflectionMode: 0
  m_DefaultReflectionResolution: 128
  m_ReflectionBounces: 1
  m_ReflectionIntensity: 1
  m_CustomReflection: {fileID: 0}
  m_Sun: {fileID: 0}
  m_IndirectSpecularColor: {r: 0, g: 0, b: 0, a: 1}
  m_UseRadianceAmbientProbe: 0
--- !u!157 &3
LightmapSettings:
  m_ObjectHideFlags: 0
  serializedVersion: 12
  m_GIWorkflowMode: 1
  m_GISettings:
    serializedVersion: 2
    m_BounceScale: 1
    m_IndirectOutputScale: 1
    m_AlbedoBoost: 1
    m_EnvironmentLightingMode: 0
    m_EnableBakedLightmaps: 0
    m_EnableRealtimeLightmaps: 0
  m_LightmapEditorSettings:
    serializedVersion: 12
    m_Resolution: 2
    m_BakeResolution: 40
    m_AtlasSize: 1024
    m_AO: 0
    m_AOMaxDistance: 1
    m_CompAOExponent: 1
    m_CompAOExponentDirect: 0
    m_ExtractAmbientOcclusion: 0
    m_Padding: 2
    m_LightmapParameters: {fileID: 0}
    m_LightmapsBakeMode: 1
    m_TextureCompression: 1
    m_FinalGather: 0
    m_FinalGatherFiltering: 1
    m_FinalGatherRayCount: 256
    m_ReflectionCompression: 2
    m_MixedBakeMode: 2
    m_BakeBackend: 1
    m_PVRSampling: 1
    m_PVRDirectSampleCount: 32
    m_PVRSampleCount: 512
    m_PVRBounces: 2
    m_PVREnvironmentSampleCount: 256
    m_PVREnvironmentReferencePointCount: 2048
    m_PVRFilteringMode: 1
    m_PVRDenoiserTypeDirect: 1
    m_PVRDenoiserTypeIndirect: 1
    m_PVRDenoiserTypeAO: 1
    m_PVRFilterTypeDirect: 0
    m_PVRFilterTypeIndirect: 0
    m_PVRFilterTypeAO: 0
    m_PVREnvironmentMIS: 1
    m_PVRCulling: 1
    m_PVRFilteringGaussRadiusDirect: 1
    m_PVRFilteringGaussRadiusIndirect: 5
    m_PVRFilteringGaussRadiusAO: 2
    m_PVRFilteringAtrousPositionSigmaDirect: 0.5
    m_PVRFilteringAtrousPositionSigmaIndirect: 2
    m_PVRFilteringAtrousPositionSigmaAO: 1
    m_ExportTrainingData: 0
    m_TrainingDataDestination: TrainingData
    m_LightProbeSampleCountMultiplier: 4
  m_LightingDataAsset: {fileID: 0}
  m_LightingSettings: {fileID: 0}
--- !u!196 &4
NavMeshSettings:
  serializedVersion: 2
  m_ObjectHideFlags: 0
  m_BuildSettings:
    serializedVersion: 2
    agentTypeID: 0
    agentRadius: 0.5
    agentHeight: 2
    agentSlope: 45
    agentClimb: 0.4
    ledgeDropHeight: 0
    maxJumpAcrossDistance: 0
    minRegionArea: 2
    manualCellSize: 0
    cellSize: 0.16666667
    manualTileSize: 0
    tileSize: 256
    accuratePlacement: 0
    maxJobWorkers: 0
    preserveTilesOutsideBounds: 0
    debug:
      m_Flags: 0
  m_NavMeshData: {fileID: 0}
--- !u!1001 &88184368
PrefabInstance:
  m_ObjectHideFlags: 0
  serializedVersion: 2
  m_Modification:
    m_TransformParent: {fileID: 0}
    m_Modifications:
    - target: {fileID: 1994082209017533190, guid: 80608b06672104dc2b88f85491e7d66e, type: 3}
      propertyPath: m_Name
      value: Shield
      objectReference: {fileID: 0}
    - target: {fileID: 1994082209017533190, guid: 80608b06672104dc2b88f85491e7d66e, type: 3}
      propertyPath: m_IsActive
      value: 0
      objectReference: {fileID: 0}
    - target: {fileID: 1994082209017533192, guid: 80608b06672104dc2b88f85491e7d66e, type: 3}
      propertyPath: m_RootOrder
      value: 13
      objectReference: {fileID: 0}
    - target: {fileID: 1994082209017533192, guid: 80608b06672104dc2b88f85491e7d66e, type: 3}
      propertyPath: m_LocalPosition.x
      value: -15.09
      objectReference: {fileID: 0}
    - target: {fileID: 1994082209017533192, guid: 80608b06672104dc2b88f85491e7d66e, type: 3}
      propertyPath: m_LocalPosition.y
      value: -4.97
      objectReference: {fileID: 0}
    - target: {fileID: 1994082209017533192, guid: 80608b06672104dc2b88f85491e7d66e, type: 3}
      propertyPath: m_LocalPosition.z
      value: 0
      objectReference: {fileID: 0}
    - target: {fileID: 1994082209017533192, guid: 80608b06672104dc2b88f85491e7d66e, type: 3}
      propertyPath: m_LocalRotation.w
      value: 1
      objectReference: {fileID: 0}
    - target: {fileID: 1994082209017533192, guid: 80608b06672104dc2b88f85491e7d66e, type: 3}
      propertyPath: m_LocalRotation.x
      value: 0
      objectReference: {fileID: 0}
    - target: {fileID: 1994082209017533192, guid: 80608b06672104dc2b88f85491e7d66e, type: 3}
      propertyPath: m_LocalRotation.y
      value: 0
      objectReference: {fileID: 0}
    - target: {fileID: 1994082209017533192, guid: 80608b06672104dc2b88f85491e7d66e, type: 3}
      propertyPath: m_LocalRotation.z
      value: 0
      objectReference: {fileID: 0}
    - target: {fileID: 1994082209017533192, guid: 80608b06672104dc2b88f85491e7d66e, type: 3}
      propertyPath: m_LocalEulerAnglesHint.x
      value: 0
      objectReference: {fileID: 0}
    - target: {fileID: 1994082209017533192, guid: 80608b06672104dc2b88f85491e7d66e, type: 3}
      propertyPath: m_LocalEulerAnglesHint.y
      value: 0
      objectReference: {fileID: 0}
    - target: {fileID: 1994082209017533192, guid: 80608b06672104dc2b88f85491e7d66e, type: 3}
      propertyPath: m_LocalEulerAnglesHint.z
      value: 0
      objectReference: {fileID: 0}
    - target: {fileID: 1994082209017533193, guid: 80608b06672104dc2b88f85491e7d66e, type: 3}
      propertyPath: m_IsTrigger
      value: 1
      objectReference: {fileID: 0}
    m_RemovedComponents:
    - {fileID: 1994082209017533194, guid: 80608b06672104dc2b88f85491e7d66e, type: 3}
  m_SourcePrefab: {fileID: 100100000, guid: 80608b06672104dc2b88f85491e7d66e, type: 3}
--- !u!1 &88607334
GameObject:
  m_ObjectHideFlags: 0
  m_CorrespondingSourceObject: {fileID: 0}
  m_PrefabInstance: {fileID: 0}
  m_PrefabAsset: {fileID: 0}
  serializedVersion: 6
  m_Component:
  - component: {fileID: 88607336}
  - component: {fileID: 88607335}
  m_Layer: 0
  m_Name: CM vcam1
  m_TagString: Untagged
  m_Icon: {fileID: 0}
  m_NavMeshLayer: 0
  m_StaticEditorFlags: 0
  m_IsActive: 1
--- !u!114 &88607335
MonoBehaviour:
  m_ObjectHideFlags: 0
  m_CorrespondingSourceObject: {fileID: 0}
  m_PrefabInstance: {fileID: 0}
  m_PrefabAsset: {fileID: 0}
  m_GameObject: {fileID: 88607334}
  m_Enabled: 1
  m_EditorHideFlags: 0
  m_Script: {fileID: 11500000, guid: 45e653bab7fb20e499bda25e1b646fea, type: 3}
  m_Name: 
  m_EditorClassIdentifier: 
  m_ExcludedPropertiesInInspector:
  - m_Script
  m_LockStageInInspector: 
  m_StreamingVersion: 20170927
  m_Priority: 10
  m_StandbyUpdate: 2
  m_LookAt: {fileID: 480513696}
  m_Follow: {fileID: 480513696}
  m_Lens:
    FieldOfView: 60
    OrthographicSize: 5
    NearClipPlane: 0.3
    FarClipPlane: 1000
    Dutch: 0
    LensShift: {x: 0, y: 0}
  m_Transitions:
    m_BlendHint: 0
    m_InheritPosition: 0
    m_OnCameraLive:
      m_PersistentCalls:
        m_Calls: []
  m_LegacyBlendHint: 0
  m_ComponentOwner: {fileID: 1047036776}
--- !u!4 &88607336
Transform:
  m_ObjectHideFlags: 0
  m_CorrespondingSourceObject: {fileID: 0}
  m_PrefabInstance: {fileID: 0}
  m_PrefabAsset: {fileID: 0}
  m_GameObject: {fileID: 88607334}
  m_LocalRotation: {x: 0, y: 0, z: 0, w: 1}
  m_LocalPosition: {x: -22.13, y: -2.56, z: -30}
  m_LocalScale: {x: 1, y: 1, z: 1}
  m_Children:
  - {fileID: 1047036776}
  m_Father: {fileID: 0}
  m_RootOrder: 9
  m_LocalEulerAnglesHint: {x: 0, y: 0, z: 0}
--- !u!1 &99586701
GameObject:
  m_ObjectHideFlags: 0
  m_CorrespondingSourceObject: {fileID: 0}
  m_PrefabInstance: {fileID: 0}
  m_PrefabAsset: {fileID: 0}
  serializedVersion: 6
  m_Component:
  - component: {fileID: 99586702}
  m_Layer: 0
  m_Name: BlockPosUp
  m_TagString: Untagged
  m_Icon: {fileID: 7174288486110832750, guid: 0000000000000000d000000000000000, type: 0}
  m_NavMeshLayer: 0
  m_StaticEditorFlags: 0
  m_IsActive: 1
--- !u!4 &99586702
Transform:
  m_ObjectHideFlags: 0
  m_CorrespondingSourceObject: {fileID: 0}
  m_PrefabInstance: {fileID: 0}
  m_PrefabAsset: {fileID: 0}
  m_GameObject: {fileID: 99586701}
  m_LocalRotation: {x: -0, y: -0, z: -0, w: 1}
  m_LocalPosition: {x: -3.8, y: 6.668215, z: 1.7417433}
  m_LocalScale: {x: 1, y: 1, z: 1}
  m_Children: []
  m_Father: {fileID: 1075246380}
  m_RootOrder: 4
  m_LocalEulerAnglesHint: {x: 0, y: 0, z: 0}
--- !u!4 &113943990 stripped
Transform:
  m_CorrespondingSourceObject: {fileID: 3538303510090126152, guid: 05490a90b677e48419ae5950603b6713, type: 3}
  m_PrefabInstance: {fileID: 3155193805753518503}
  m_PrefabAsset: {fileID: 0}
--- !u!1001 &218524921
PrefabInstance:
  m_ObjectHideFlags: 0
  serializedVersion: 2
  m_Modification:
    m_TransformParent: {fileID: 0}
    m_Modifications:
    - target: {fileID: 8508380017946458052, guid: 79c8477956efb485985b561b98d18dd3, type: 3}
      propertyPath: m_Name
      value: Ceiling
      objectReference: {fileID: 0}
    - target: {fileID: 8508380017946458054, guid: 79c8477956efb485985b561b98d18dd3, type: 3}
      propertyPath: m_RootOrder
      value: 6
      objectReference: {fileID: 0}
    - target: {fileID: 8508380017946458054, guid: 79c8477956efb485985b561b98d18dd3, type: 3}
      propertyPath: m_LocalPosition.x
      value: -10
      objectReference: {fileID: 0}
    - target: {fileID: 8508380017946458054, guid: 79c8477956efb485985b561b98d18dd3, type: 3}
      propertyPath: m_LocalPosition.y
      value: 5.4
      objectReference: {fileID: 0}
    - target: {fileID: 8508380017946458054, guid: 79c8477956efb485985b561b98d18dd3, type: 3}
      propertyPath: m_LocalPosition.z
      value: 0
      objectReference: {fileID: 0}
    - target: {fileID: 8508380017946458054, guid: 79c8477956efb485985b561b98d18dd3, type: 3}
      propertyPath: m_LocalRotation.w
      value: 1
      objectReference: {fileID: 0}
    - target: {fileID: 8508380017946458054, guid: 79c8477956efb485985b561b98d18dd3, type: 3}
      propertyPath: m_LocalRotation.x
      value: 0
      objectReference: {fileID: 0}
    - target: {fileID: 8508380017946458054, guid: 79c8477956efb485985b561b98d18dd3, type: 3}
      propertyPath: m_LocalRotation.y
      value: 0
      objectReference: {fileID: 0}
    - target: {fileID: 8508380017946458054, guid: 79c8477956efb485985b561b98d18dd3, type: 3}
      propertyPath: m_LocalRotation.z
      value: 0
      objectReference: {fileID: 0}
    - target: {fileID: 8508380017946458054, guid: 79c8477956efb485985b561b98d18dd3, type: 3}
      propertyPath: m_LocalEulerAnglesHint.x
      value: 0
      objectReference: {fileID: 0}
    - target: {fileID: 8508380017946458054, guid: 79c8477956efb485985b561b98d18dd3, type: 3}
      propertyPath: m_LocalEulerAnglesHint.y
      value: 0
      objectReference: {fileID: 0}
    - target: {fileID: 8508380017946458054, guid: 79c8477956efb485985b561b98d18dd3, type: 3}
      propertyPath: m_LocalEulerAnglesHint.z
      value: 0
      objectReference: {fileID: 0}
    m_RemovedComponents: []
  m_SourcePrefab: {fileID: 100100000, guid: 79c8477956efb485985b561b98d18dd3, type: 3}
--- !u!1 &306735999
GameObject:
  m_ObjectHideFlags: 0
  m_CorrespondingSourceObject: {fileID: 0}
  m_PrefabInstance: {fileID: 0}
  m_PrefabAsset: {fileID: 0}
  serializedVersion: 6
  m_Component:
  - component: {fileID: 306736000}
  m_Layer: 0
  m_Name: BlockPosDown
  m_TagString: Untagged
  m_Icon: {fileID: 0}
  m_NavMeshLayer: 0
  m_StaticEditorFlags: 0
  m_IsActive: 1
--- !u!4 &306736000
Transform:
  m_ObjectHideFlags: 0
  m_CorrespondingSourceObject: {fileID: 0}
  m_PrefabInstance: {fileID: 0}
  m_PrefabAsset: {fileID: 0}
  m_GameObject: {fileID: 306735999}
  m_LocalRotation: {x: -0, y: -0, z: -0, w: 1}
  m_LocalPosition: {x: -3.8000002, y: 2.5082147, z: 1.7417433}
  m_LocalScale: {x: 1, y: 1, z: 1}
  m_Children: []
  m_Father: {fileID: 1075246380}
  m_RootOrder: 5
  m_LocalEulerAnglesHint: {x: 0, y: 0, z: 0}
--- !u!4 &480513696 stripped
Transform:
  m_CorrespondingSourceObject: {fileID: 5100116167565454557, guid: 3a4eab05af79c421191d5eccbb97c5b3, type: 3}
  m_PrefabInstance: {fileID: 763092667}
  m_PrefabAsset: {fileID: 0}
--- !u!1001 &568022190
PrefabInstance:
  m_ObjectHideFlags: 0
  serializedVersion: 2
  m_Modification:
    m_TransformParent: {fileID: 0}
    m_Modifications:
    - target: {fileID: 5956643320216420312, guid: 7f3973ba75cce47649fc20b9ff4b0d61, type: 3}
      propertyPath: m_RootOrder
      value: 15
      objectReference: {fileID: 0}
    - target: {fileID: 5956643320216420312, guid: 7f3973ba75cce47649fc20b9ff4b0d61, type: 3}
      propertyPath: m_LocalPosition.x
      value: -12.45
      objectReference: {fileID: 0}
    - target: {fileID: 5956643320216420312, guid: 7f3973ba75cce47649fc20b9ff4b0d61, type: 3}
      propertyPath: m_LocalPosition.y
      value: -4.97
      objectReference: {fileID: 0}
    - target: {fileID: 5956643320216420312, guid: 7f3973ba75cce47649fc20b9ff4b0d61, type: 3}
      propertyPath: m_LocalPosition.z
      value: 0
      objectReference: {fileID: 0}
    - target: {fileID: 5956643320216420312, guid: 7f3973ba75cce47649fc20b9ff4b0d61, type: 3}
      propertyPath: m_LocalRotation.w
      value: 1
      objectReference: {fileID: 0}
    - target: {fileID: 5956643320216420312, guid: 7f3973ba75cce47649fc20b9ff4b0d61, type: 3}
      propertyPath: m_LocalRotation.x
      value: 0
      objectReference: {fileID: 0}
    - target: {fileID: 5956643320216420312, guid: 7f3973ba75cce47649fc20b9ff4b0d61, type: 3}
      propertyPath: m_LocalRotation.y
      value: 0
      objectReference: {fileID: 0}
    - target: {fileID: 5956643320216420312, guid: 7f3973ba75cce47649fc20b9ff4b0d61, type: 3}
      propertyPath: m_LocalRotation.z
      value: 0
      objectReference: {fileID: 0}
    - target: {fileID: 5956643320216420312, guid: 7f3973ba75cce47649fc20b9ff4b0d61, type: 3}
      propertyPath: m_LocalEulerAnglesHint.x
      value: 0
      objectReference: {fileID: 0}
    - target: {fileID: 5956643320216420312, guid: 7f3973ba75cce47649fc20b9ff4b0d61, type: 3}
      propertyPath: m_LocalEulerAnglesHint.y
      value: 0
      objectReference: {fileID: 0}
    - target: {fileID: 5956643320216420312, guid: 7f3973ba75cce47649fc20b9ff4b0d61, type: 3}
      propertyPath: m_LocalEulerAnglesHint.z
      value: 0
      objectReference: {fileID: 0}
    - target: {fileID: 5956643320216420314, guid: 7f3973ba75cce47649fc20b9ff4b0d61, type: 3}
      propertyPath: m_Name
      value: Sword (1)
      objectReference: {fileID: 0}
    m_RemovedComponents: []
  m_SourcePrefab: {fileID: 100100000, guid: 7f3973ba75cce47649fc20b9ff4b0d61, type: 3}
--- !u!1 &573060290
GameObject:
  m_ObjectHideFlags: 0
  m_CorrespondingSourceObject: {fileID: 0}
  m_PrefabInstance: {fileID: 0}
  m_PrefabAsset: {fileID: 0}
  serializedVersion: 6
  m_Component:
  - component: {fileID: 573060291}
  m_Layer: 0
  m_Name: BlockPosLeft (1)
  m_TagString: Untagged
  m_Icon: {fileID: 0}
  m_NavMeshLayer: 0
  m_StaticEditorFlags: 0
  m_IsActive: 1
--- !u!4 &573060291
Transform:
  m_ObjectHideFlags: 0
  m_CorrespondingSourceObject: {fileID: 0}
  m_PrefabInstance: {fileID: 0}
  m_PrefabAsset: {fileID: 0}
  m_GameObject: {fileID: 573060290}
  m_LocalRotation: {x: -0, y: -0, z: -0, w: 1}
  m_LocalPosition: {x: 1.07, y: 2.47, z: 1.7417433}
  m_LocalScale: {x: 0.25, y: 0.14999999, z: 0.099999994}
  m_Children: []
  m_Father: {fileID: 1075246380}
  m_RootOrder: 12
  m_LocalEulerAnglesHint: {x: 0, y: 0, z: 0}
--- !u!1 &577081614
GameObject:
  m_ObjectHideFlags: 0
  m_CorrespondingSourceObject: {fileID: 0}
  m_PrefabInstance: {fileID: 0}
  m_PrefabAsset: {fileID: 0}
  serializedVersion: 6
  m_Component:
  - component: {fileID: 577081615}
  m_Layer: 0
  m_Name: BlockPosRight
  m_TagString: Untagged
  m_Icon: {fileID: 2488908585195742037, guid: 0000000000000000d000000000000000, type: 0}
  m_NavMeshLayer: 0
  m_StaticEditorFlags: 0
  m_IsActive: 1
--- !u!4 &577081615
Transform:
  m_ObjectHideFlags: 0
  m_CorrespondingSourceObject: {fileID: 0}
  m_PrefabInstance: {fileID: 0}
  m_PrefabAsset: {fileID: 0}
  m_GameObject: {fileID: 577081614}
  m_LocalRotation: {x: -0, y: -0, z: -0, w: 1}
  m_LocalPosition: {x: 4.52, y: 3.93, z: 1.7417433}
  m_LocalScale: {x: 0.25, y: 0.14999999, z: 0.099999994}
  m_Children: []
  m_Father: {fileID: 1075246380}
  m_RootOrder: 8
  m_LocalEulerAnglesHint: {x: 0, y: 0, z: 0}
--- !u!1 &686464364 stripped
GameObject:
  m_CorrespondingSourceObject: {fileID: 8347565724244609107, guid: a2ae1b5e155024a63be9a69f3c265063, type: 3}
  m_PrefabInstance: {fileID: 3354721595940871425}
  m_PrefabAsset: {fileID: 0}
--- !u!114 &686464365
MonoBehaviour:
  m_ObjectHideFlags: 0
  m_CorrespondingSourceObject: {fileID: 0}
  m_PrefabInstance: {fileID: 0}
  m_PrefabAsset: {fileID: 0}
  m_GameObject: {fileID: 686464364}
  m_Enabled: 1
  m_EditorHideFlags: 0
  m_Script: {fileID: 11500000, guid: 4dfc0725777ca490098df3310986858c, type: 3}
  m_Name: 
  m_EditorClassIdentifier: 
  Speed: 0.2
--- !u!50 &686464368
Rigidbody2D:
  serializedVersion: 4
  m_ObjectHideFlags: 0
  m_CorrespondingSourceObject: {fileID: 0}
  m_PrefabInstance: {fileID: 0}
  m_PrefabAsset: {fileID: 0}
  m_GameObject: {fileID: 686464364}
  m_BodyType: 0
  m_Simulated: 1
  m_UseFullKinematicContacts: 0
  m_UseAutoMass: 0
  m_Mass: 1
  m_LinearDrag: 0
  m_AngularDrag: 0.05
  m_GravityScale: 1
  m_Material: {fileID: 0}
  m_Interpolate: 0
  m_SleepingMode: 1
  m_CollisionDetection: 0
  m_Constraints: 0
--- !u!61 &686464369
BoxCollider2D:
  m_ObjectHideFlags: 0
  m_CorrespondingSourceObject: {fileID: 0}
  m_PrefabInstance: {fileID: 0}
  m_PrefabAsset: {fileID: 0}
  m_GameObject: {fileID: 686464364}
  m_Enabled: 1
  m_Density: 1
  m_Material: {fileID: 0}
  m_IsTrigger: 0
  m_UsedByEffector: 0
  m_UsedByComposite: 0
  m_Offset: {x: 0, y: 0}
  m_SpriteTilingProperty:
    border: {x: 0, y: 0, z: 0, w: 0}
    pivot: {x: 0.5, y: 0.5}
    oldSize: {x: 4.45, y: 0.95}
    newSize: {x: 4.45, y: 0.95}
    adaptiveTilingThreshold: 0.5
    drawMode: 0
    adaptiveTiling: 0
  m_AutoTiling: 0
  serializedVersion: 2
  m_Size: {x: 4.45, y: 0.95}
  m_EdgeRadius: 0
--- !u!1001 &763092667
PrefabInstance:
  m_ObjectHideFlags: 0
  serializedVersion: 2
  m_Modification:
    m_TransformParent: {fileID: 0}
    m_Modifications:
    - target: {fileID: 391825701, guid: 3a4eab05af79c421191d5eccbb97c5b3, type: 3}
      propertyPath: m_Camera
      value: 
      objectReference: {fileID: 1118621541}
    - target: {fileID: 1935991473, guid: 3a4eab05af79c421191d5eccbb97c5b3, type: 3}
      propertyPath: shield
      value: 
      objectReference: {fileID: 763092668}
    - target: {fileID: 605193031900482296, guid: 3a4eab05af79c421191d5eccbb97c5b3, type: 3}
      propertyPath: m_Name
      value: Player1
      objectReference: {fileID: 0}
    - target: {fileID: 2913035972525096636, guid: 3a4eab05af79c421191d5eccbb97c5b3, type: 3}
      propertyPath: LivesText
      value: 
      objectReference: {fileID: 2133841236}
    - target: {fileID: 2913035972525096636, guid: 3a4eab05af79c421191d5eccbb97c5b3, type: 3}
      propertyPath: PlayerPos
      value: 
      objectReference: {fileID: 975325383}
    - target: {fileID: 2913035972525096636, guid: 3a4eab05af79c421191d5eccbb97c5b3, type: 3}
      propertyPath: jumpForce
      value: 900
      objectReference: {fileID: 0}
    - target: {fileID: 5100116167565454557, guid: 3a4eab05af79c421191d5eccbb97c5b3, type: 3}
      propertyPath: m_RootOrder
      value: 2
      objectReference: {fileID: 0}
    - target: {fileID: 5100116167565454557, guid: 3a4eab05af79c421191d5eccbb97c5b3, type: 3}
      propertyPath: m_LocalPosition.x
      value: -17.86
      objectReference: {fileID: 0}
    - target: {fileID: 5100116167565454557, guid: 3a4eab05af79c421191d5eccbb97c5b3, type: 3}
      propertyPath: m_LocalPosition.y
      value: -4.54
      objectReference: {fileID: 0}
    - target: {fileID: 5100116167565454557, guid: 3a4eab05af79c421191d5eccbb97c5b3, type: 3}
      propertyPath: m_LocalPosition.z
      value: 0
      objectReference: {fileID: 0}
    - target: {fileID: 5100116167565454557, guid: 3a4eab05af79c421191d5eccbb97c5b3, type: 3}
      propertyPath: m_LocalRotation.w
      value: 1
      objectReference: {fileID: 0}
    - target: {fileID: 5100116167565454557, guid: 3a4eab05af79c421191d5eccbb97c5b3, type: 3}
      propertyPath: m_LocalRotation.x
      value: 0
      objectReference: {fileID: 0}
    - target: {fileID: 5100116167565454557, guid: 3a4eab05af79c421191d5eccbb97c5b3, type: 3}
      propertyPath: m_LocalRotation.y
      value: 0
      objectReference: {fileID: 0}
    - target: {fileID: 5100116167565454557, guid: 3a4eab05af79c421191d5eccbb97c5b3, type: 3}
      propertyPath: m_LocalRotation.z
      value: 0
      objectReference: {fileID: 0}
    - target: {fileID: 5100116167565454557, guid: 3a4eab05af79c421191d5eccbb97c5b3, type: 3}
      propertyPath: m_LocalEulerAnglesHint.x
      value: 0
      objectReference: {fileID: 0}
    - target: {fileID: 5100116167565454557, guid: 3a4eab05af79c421191d5eccbb97c5b3, type: 3}
      propertyPath: m_LocalEulerAnglesHint.y
      value: 0
      objectReference: {fileID: 0}
    - target: {fileID: 5100116167565454557, guid: 3a4eab05af79c421191d5eccbb97c5b3, type: 3}
      propertyPath: m_LocalEulerAnglesHint.z
      value: 0
      objectReference: {fileID: 0}
    - target: {fileID: 6855150866023432068, guid: 3a4eab05af79c421191d5eccbb97c5b3, type: 3}
      propertyPath: m_LocalPosition.x
      value: 0.655
      objectReference: {fileID: 0}
    - target: {fileID: 6855150866023432068, guid: 3a4eab05af79c421191d5eccbb97c5b3, type: 3}
      propertyPath: m_LocalPosition.y
      value: -0.109
      objectReference: {fileID: 0}
    - target: {fileID: 6855150866023432068, guid: 3a4eab05af79c421191d5eccbb97c5b3, type: 3}
      propertyPath: m_LocalRotation.w
      value: 0.7071068
      objectReference: {fileID: 0}
    - target: {fileID: 6855150866023432068, guid: 3a4eab05af79c421191d5eccbb97c5b3, type: 3}
      propertyPath: m_LocalRotation.z
      value: -0.7071068
      objectReference: {fileID: 0}
    - target: {fileID: 6855150866023432068, guid: 3a4eab05af79c421191d5eccbb97c5b3, type: 3}
      propertyPath: m_LocalEulerAnglesHint.z
      value: -90
      objectReference: {fileID: 0}
    m_RemovedComponents: []
  m_SourcePrefab: {fileID: 100100000, guid: 3a4eab05af79c421191d5eccbb97c5b3, type: 3}
--- !u!1 &763092668 stripped
GameObject:
  m_CorrespondingSourceObject: {fileID: 8807291057501228426, guid: 3a4eab05af79c421191d5eccbb97c5b3, type: 3}
  m_PrefabInstance: {fileID: 763092667}
  m_PrefabAsset: {fileID: 0}
--- !u!1001 &767372688
PrefabInstance:
  m_ObjectHideFlags: 0
  serializedVersion: 2
  m_Modification:
    m_TransformParent: {fileID: 1075246380}
    m_Modifications:
    - target: {fileID: 4194476493564209399, guid: 0e04e0e1c699d450c892ed7f5a05d6aa, type: 3}
      propertyPath: m_RootOrder
      value: 10
      objectReference: {fileID: 0}
    - target: {fileID: 4194476493564209399, guid: 0e04e0e1c699d450c892ed7f5a05d6aa, type: 3}
      propertyPath: m_LocalPosition.x
      value: 3.7593322
      objectReference: {fileID: 0}
    - target: {fileID: 4194476493564209399, guid: 0e04e0e1c699d450c892ed7f5a05d6aa, type: 3}
      propertyPath: m_LocalPosition.y
      value: 3.9182148
      objectReference: {fileID: 0}
    - target: {fileID: 4194476493564209399, guid: 0e04e0e1c699d450c892ed7f5a05d6aa, type: 3}
      propertyPath: m_LocalPosition.z
      value: 1.7417433
      objectReference: {fileID: 0}
    - target: {fileID: 4194476493564209399, guid: 0e04e0e1c699d450c892ed7f5a05d6aa, type: 3}
      propertyPath: m_LocalRotation.w
      value: 1
      objectReference: {fileID: 0}
    - target: {fileID: 4194476493564209399, guid: 0e04e0e1c699d450c892ed7f5a05d6aa, type: 3}
      propertyPath: m_LocalRotation.x
      value: -0
      objectReference: {fileID: 0}
    - target: {fileID: 4194476493564209399, guid: 0e04e0e1c699d450c892ed7f5a05d6aa, type: 3}
      propertyPath: m_LocalRotation.y
      value: -0
      objectReference: {fileID: 0}
    - target: {fileID: 4194476493564209399, guid: 0e04e0e1c699d450c892ed7f5a05d6aa, type: 3}
      propertyPath: m_LocalRotation.z
      value: -0
      objectReference: {fileID: 0}
    - target: {fileID: 4194476493564209399, guid: 0e04e0e1c699d450c892ed7f5a05d6aa, type: 3}
      propertyPath: m_LocalEulerAnglesHint.x
      value: 0
      objectReference: {fileID: 0}
    - target: {fileID: 4194476493564209399, guid: 0e04e0e1c699d450c892ed7f5a05d6aa, type: 3}
      propertyPath: m_LocalEulerAnglesHint.y
      value: 0
      objectReference: {fileID: 0}
    - target: {fileID: 4194476493564209399, guid: 0e04e0e1c699d450c892ed7f5a05d6aa, type: 3}
      propertyPath: m_LocalEulerAnglesHint.z
      value: 0
      objectReference: {fileID: 0}
    - target: {fileID: 5978629871284600841, guid: 0e04e0e1c699d450c892ed7f5a05d6aa, type: 3}
      propertyPath: m_Name
      value: BlockMovingHor (1)
      objectReference: {fileID: 0}
    - target: {fileID: 8841257177749495074, guid: 0e04e0e1c699d450c892ed7f5a05d6aa, type: 3}
      propertyPath: pos1
      value: 
      objectReference: {fileID: 1668098774}
    - target: {fileID: 8841257177749495074, guid: 0e04e0e1c699d450c892ed7f5a05d6aa, type: 3}
      propertyPath: pos2
      value: 
      objectReference: {fileID: 573060291}
    - target: {fileID: 8841257177749495074, guid: 0e04e0e1c699d450c892ed7f5a05d6aa, type: 3}
      propertyPath: speed
      value: 2
      objectReference: {fileID: 0}
    - target: {fileID: 8841257177749495074, guid: 0e04e0e1c699d450c892ed7f5a05d6aa, type: 3}
      propertyPath: startPos
      value: 
      objectReference: {fileID: 1668098774}
    m_RemovedComponents: []
  m_SourcePrefab: {fileID: 100100000, guid: 0e04e0e1c699d450c892ed7f5a05d6aa, type: 3}
--- !u!4 &767372689 stripped
Transform:
  m_CorrespondingSourceObject: {fileID: 4194476493564209399, guid: 0e04e0e1c699d450c892ed7f5a05d6aa, type: 3}
  m_PrefabInstance: {fileID: 767372688}
  m_PrefabAsset: {fileID: 0}
--- !u!1001 &783018298
PrefabInstance:
  m_ObjectHideFlags: 0
  serializedVersion: 2
  m_Modification:
    m_TransformParent: {fileID: 1075246380}
    m_Modifications:
    - target: {fileID: 4194476493564209399, guid: cb8700bd0570f4e3da3d938666e9d2d9, type: 3}
      propertyPath: m_RootOrder
      value: 3
      objectReference: {fileID: 0}
    - target: {fileID: 4194476493564209399, guid: cb8700bd0570f4e3da3d938666e9d2d9, type: 3}
      propertyPath: m_LocalPosition.x
      value: 5.72
      objectReference: {fileID: 0}
    - target: {fileID: 4194476493564209399, guid: cb8700bd0570f4e3da3d938666e9d2d9, type: 3}
      propertyPath: m_LocalPosition.y
      value: 6.65
      objectReference: {fileID: 0}
    - target: {fileID: 4194476493564209399, guid: cb8700bd0570f4e3da3d938666e9d2d9, type: 3}
      propertyPath: m_LocalPosition.z
      value: 1.7417433
      objectReference: {fileID: 0}
    - target: {fileID: 4194476493564209399, guid: cb8700bd0570f4e3da3d938666e9d2d9, type: 3}
      propertyPath: m_LocalRotation.w
      value: 1
      objectReference: {fileID: 0}
    - target: {fileID: 4194476493564209399, guid: cb8700bd0570f4e3da3d938666e9d2d9, type: 3}
      propertyPath: m_LocalRotation.x
      value: -0
      objectReference: {fileID: 0}
    - target: {fileID: 4194476493564209399, guid: cb8700bd0570f4e3da3d938666e9d2d9, type: 3}
      propertyPath: m_LocalRotation.y
      value: -0
      objectReference: {fileID: 0}
    - target: {fileID: 4194476493564209399, guid: cb8700bd0570f4e3da3d938666e9d2d9, type: 3}
      propertyPath: m_LocalRotation.z
      value: -0
      objectReference: {fileID: 0}
    - target: {fileID: 4194476493564209399, guid: cb8700bd0570f4e3da3d938666e9d2d9, type: 3}
      propertyPath: m_LocalEulerAnglesHint.x
      value: 0
      objectReference: {fileID: 0}
    - target: {fileID: 4194476493564209399, guid: cb8700bd0570f4e3da3d938666e9d2d9, type: 3}
      propertyPath: m_LocalEulerAnglesHint.y
      value: 0
      objectReference: {fileID: 0}
    - target: {fileID: 4194476493564209399, guid: cb8700bd0570f4e3da3d938666e9d2d9, type: 3}
      propertyPath: m_LocalEulerAnglesHint.z
      value: 0
      objectReference: {fileID: 0}
    - target: {fileID: 5978629871284600841, guid: cb8700bd0570f4e3da3d938666e9d2d9, type: 3}
      propertyPath: m_Name
      value: Block (4)
      objectReference: {fileID: 0}
    m_RemovedComponents: []
  m_SourcePrefab: {fileID: 100100000, guid: cb8700bd0570f4e3da3d938666e9d2d9, type: 3}
--- !u!4 &783018299 stripped
Transform:
  m_CorrespondingSourceObject: {fileID: 4194476493564209399, guid: cb8700bd0570f4e3da3d938666e9d2d9, type: 3}
  m_PrefabInstance: {fileID: 783018298}
  m_PrefabAsset: {fileID: 0}
--- !u!1 &787782378
GameObject:
  m_ObjectHideFlags: 0
  m_CorrespondingSourceObject: {fileID: 0}
  m_PrefabInstance: {fileID: 0}
  m_PrefabAsset: {fileID: 0}
  serializedVersion: 6
  m_Component:
  - component: {fileID: 787782379}
  - component: {fileID: 787782381}
  - component: {fileID: 787782380}
  m_Layer: 5
  m_Name: Image
  m_TagString: Untagged
  m_Icon: {fileID: 0}
  m_NavMeshLayer: 0
  m_StaticEditorFlags: 0
  m_IsActive: 0
--- !u!224 &787782379
RectTransform:
  m_ObjectHideFlags: 0
  m_CorrespondingSourceObject: {fileID: 0}
  m_PrefabInstance: {fileID: 0}
  m_PrefabAsset: {fileID: 0}
  m_GameObject: {fileID: 787782378}
  m_LocalRotation: {x: -0, y: -0, z: -0, w: 1}
  m_LocalPosition: {x: 0, y: 0, z: 0}
  m_LocalScale: {x: 0.409375, y: 0.409375, z: 0.409375}
  m_Children: []
  m_Father: {fileID: 0}
  m_RootOrder: 8
  m_LocalEulerAnglesHint: {x: 0, y: 0, z: 0}
  m_AnchorMin: {x: 0, y: 0}
  m_AnchorMax: {x: 0, y: 0}
  m_AnchoredPosition: {x: 507.78522, y: 286.1115}
  m_SizeDelta: {x: 89.8355, y: 41.1449}
  m_Pivot: {x: 0.5, y: 0.5}
--- !u!114 &787782380
MonoBehaviour:
  m_ObjectHideFlags: 0
  m_CorrespondingSourceObject: {fileID: 0}
  m_PrefabInstance: {fileID: 0}
  m_PrefabAsset: {fileID: 0}
  m_GameObject: {fileID: 787782378}
  m_Enabled: 1
  m_EditorHideFlags: 0
  m_Script: {fileID: 11500000, guid: fe87c0e1cc204ed48ad3b37840f39efc, type: 3}
  m_Name: 
  m_EditorClassIdentifier: 
  m_Material: {fileID: 0}
  m_Color: {r: 1, g: 1, b: 1, a: 1}
  m_RaycastTarget: 1
  m_RaycastPadding: {x: 0, y: 0, z: 0, w: 0}
  m_Maskable: 1
  m_OnCullStateChanged:
    m_PersistentCalls:
      m_Calls: []
  m_Sprite: {fileID: 21300000, guid: 4f507ebaddcd3452d8dd67940b92025d, type: 3}
  m_Type: 0
  m_PreserveAspect: 0
  m_FillCenter: 1
  m_FillMethod: 4
  m_FillAmount: 1
  m_FillClockwise: 1
  m_FillOrigin: 0
  m_UseSpriteMesh: 0
  m_PixelsPerUnitMultiplier: 1
--- !u!222 &787782381
CanvasRenderer:
  m_ObjectHideFlags: 0
  m_CorrespondingSourceObject: {fileID: 0}
  m_PrefabInstance: {fileID: 0}
  m_PrefabAsset: {fileID: 0}
  m_GameObject: {fileID: 787782378}
  m_CullTransparentMesh: 1
--- !u!1001 &853182234
PrefabInstance:
  m_ObjectHideFlags: 0
  serializedVersion: 2
  m_Modification:
    m_TransformParent: {fileID: 0}
    m_Modifications:
    - target: {fileID: 5919431113683061477, guid: c84b58352d62d4214b1611c6d5e7c48b, type: 3}
      propertyPath: m_RootOrder
      value: 5
      objectReference: {fileID: 0}
    - target: {fileID: 5919431113683061477, guid: c84b58352d62d4214b1611c6d5e7c48b, type: 3}
      propertyPath: m_LocalScale.x
      value: 0.6
      objectReference: {fileID: 0}
    - target: {fileID: 5919431113683061477, guid: c84b58352d62d4214b1611c6d5e7c48b, type: 3}
      propertyPath: m_LocalPosition.x
      value: -11.1
      objectReference: {fileID: 0}
    - target: {fileID: 5919431113683061477, guid: c84b58352d62d4214b1611c6d5e7c48b, type: 3}
      propertyPath: m_LocalPosition.y
      value: -6.1499996
      objectReference: {fileID: 0}
    - target: {fileID: 5919431113683061477, guid: c84b58352d62d4214b1611c6d5e7c48b, type: 3}
      propertyPath: m_LocalPosition.z
      value: 0
      objectReference: {fileID: 0}
    - target: {fileID: 5919431113683061477, guid: c84b58352d62d4214b1611c6d5e7c48b, type: 3}
      propertyPath: m_LocalRotation.w
      value: 1
      objectReference: {fileID: 0}
    - target: {fileID: 5919431113683061477, guid: c84b58352d62d4214b1611c6d5e7c48b, type: 3}
      propertyPath: m_LocalRotation.x
      value: 0
      objectReference: {fileID: 0}
    - target: {fileID: 5919431113683061477, guid: c84b58352d62d4214b1611c6d5e7c48b, type: 3}
      propertyPath: m_LocalRotation.y
      value: 0
      objectReference: {fileID: 0}
    - target: {fileID: 5919431113683061477, guid: c84b58352d62d4214b1611c6d5e7c48b, type: 3}
      propertyPath: m_LocalRotation.z
      value: 0
      objectReference: {fileID: 0}
    - target: {fileID: 5919431113683061477, guid: c84b58352d62d4214b1611c6d5e7c48b, type: 3}
      propertyPath: m_LocalEulerAnglesHint.x
      value: 0
      objectReference: {fileID: 0}
    - target: {fileID: 5919431113683061477, guid: c84b58352d62d4214b1611c6d5e7c48b, type: 3}
      propertyPath: m_LocalEulerAnglesHint.y
      value: 0
      objectReference: {fileID: 0}
    - target: {fileID: 5919431113683061477, guid: c84b58352d62d4214b1611c6d5e7c48b, type: 3}
      propertyPath: m_LocalEulerAnglesHint.z
      value: 0
      objectReference: {fileID: 0}
    - target: {fileID: 5919431113683061479, guid: c84b58352d62d4214b1611c6d5e7c48b, type: 3}
      propertyPath: m_Name
      value: Floor
      objectReference: {fileID: 0}
    m_RemovedComponents: []
  m_SourcePrefab: {fileID: 100100000, guid: c84b58352d62d4214b1611c6d5e7c48b, type: 3}
--- !u!1 &975325382
GameObject:
  m_ObjectHideFlags: 0
  m_CorrespondingSourceObject: {fileID: 0}
  m_PrefabInstance: {fileID: 0}
  m_PrefabAsset: {fileID: 0}
  serializedVersion: 6
  m_Component:
  - component: {fileID: 975325383}
  m_Layer: 0
  m_Name: PlayerPos
  m_TagString: Untagged
  m_Icon: {fileID: -5397416234189338067, guid: 0000000000000000d000000000000000, type: 0}
  m_NavMeshLayer: 0
  m_StaticEditorFlags: 0
  m_IsActive: 1
--- !u!4 &975325383
Transform:
  m_ObjectHideFlags: 0
  m_CorrespondingSourceObject: {fileID: 0}
  m_PrefabInstance: {fileID: 0}
  m_PrefabAsset: {fileID: 0}
  m_GameObject: {fileID: 975325382}
  m_LocalRotation: {x: 0, y: 0, z: 0, w: 1}
  m_LocalPosition: {x: -17.86, y: -4.54, z: 0}
  m_LocalScale: {x: 1, y: 1, z: 1}
  m_Children: []
  m_Father: {fileID: 0}
  m_RootOrder: 11
  m_LocalEulerAnglesHint: {x: 0, y: 0, z: 0}
--- !u!1 &1047036775
GameObject:
  m_ObjectHideFlags: 3
  m_CorrespondingSourceObject: {fileID: 0}
  m_PrefabInstance: {fileID: 0}
  m_PrefabAsset: {fileID: 0}
  serializedVersion: 6
  m_Component:
  - component: {fileID: 1047036776}
  - component: {fileID: 1047036778}
  - component: {fileID: 1047036777}
  m_Layer: 0
  m_Name: cm
  m_TagString: Untagged
  m_Icon: {fileID: 0}
  m_NavMeshLayer: 0
  m_StaticEditorFlags: 0
  m_IsActive: 1
--- !u!4 &1047036776
Transform:
  m_ObjectHideFlags: 3
  m_CorrespondingSourceObject: {fileID: 0}
  m_PrefabInstance: {fileID: 0}
  m_PrefabAsset: {fileID: 0}
  m_GameObject: {fileID: 1047036775}
  m_LocalRotation: {x: -0, y: -0, z: -0, w: 1}
  m_LocalPosition: {x: 22.13, y: 2.56, z: 30}
  m_LocalScale: {x: 1, y: 1, z: 1}
  m_Children: []
  m_Father: {fileID: 88607336}
  m_RootOrder: 0
  m_LocalEulerAnglesHint: {x: 0, y: 0, z: 0}
--- !u!114 &1047036777
MonoBehaviour:
  m_ObjectHideFlags: 3
  m_CorrespondingSourceObject: {fileID: 0}
  m_PrefabInstance: {fileID: 0}
  m_PrefabAsset: {fileID: 0}
  m_GameObject: {fileID: 1047036775}
  m_Enabled: 1
  m_EditorHideFlags: 0
  m_Script: {fileID: 11500000, guid: 6ad980451443d70438faac0bc6c235a0, type: 3}
  m_Name: 
  m_EditorClassIdentifier: 
  m_TrackedObjectOffset: {x: 0, y: 0, z: 0}
  m_LookaheadTime: 0
  m_LookaheadSmoothing: 0
  m_LookaheadIgnoreY: 0
  m_XDamping: 1
  m_YDamping: 1
  m_ZDamping: 1
  m_TargetMovementOnly: 1
  m_ScreenX: 0.5
  m_ScreenY: 0.5
  m_CameraDistance: 10
  m_DeadZoneWidth: 0
  m_DeadZoneHeight: 0
  m_DeadZoneDepth: 0
  m_UnlimitedSoftZone: 0
  m_SoftZoneWidth: 0.8
  m_SoftZoneHeight: 0.8
  m_BiasX: 0
  m_BiasY: 0
  m_CenterOnActivate: 1
  m_GroupFramingMode: 2
  m_AdjustmentMode: 0
  m_GroupFramingSize: 0.8
  m_MaxDollyIn: 5000
  m_MaxDollyOut: 5000
  m_MinimumDistance: 1
  m_MaximumDistance: 5000
  m_MinimumFOV: 3
  m_MaximumFOV: 60
  m_MinimumOrthoSize: 1
  m_MaximumOrthoSize: 5000
--- !u!114 &1047036778
MonoBehaviour:
  m_ObjectHideFlags: 3
  m_CorrespondingSourceObject: {fileID: 0}
  m_PrefabInstance: {fileID: 0}
  m_PrefabAsset: {fileID: 0}
  m_GameObject: {fileID: 1047036775}
  m_Enabled: 1
  m_EditorHideFlags: 0
  m_Script: {fileID: 11500000, guid: ac0b09e7857660247b1477e93731de29, type: 3}
  m_Name: 
  m_EditorClassIdentifier: 
--- !u!1 &1075246379
GameObject:
  m_ObjectHideFlags: 0
  m_CorrespondingSourceObject: {fileID: 0}
  m_PrefabInstance: {fileID: 0}
  m_PrefabAsset: {fileID: 0}
  serializedVersion: 6
  m_Component:
  - component: {fileID: 1075246380}
  m_Layer: 0
  m_Name: Blocks
  m_TagString: Untagged
  m_Icon: {fileID: 0}
  m_NavMeshLayer: 0
  m_StaticEditorFlags: 0
  m_IsActive: 1
--- !u!4 &1075246380
Transform:
  m_ObjectHideFlags: 0
  m_CorrespondingSourceObject: {fileID: 0}
  m_PrefabInstance: {fileID: 0}
  m_PrefabAsset: {fileID: 0}
  m_GameObject: {fileID: 1075246379}
  m_LocalRotation: {x: 0, y: 0, z: 0, w: 1}
  m_LocalPosition: {x: -7.699332, y: -5.5782146, z: -1.7417433}
  m_LocalScale: {x: 1, y: 1, z: 1}
  m_Children:
  - {fileID: 6507952837220022526}
  - {fileID: 1914047928}
  - {fileID: 1576848048}
  - {fileID: 783018299}
  - {fileID: 99586702}
  - {fileID: 306736000}
  - {fileID: 4890734296296730091}
  - {fileID: 562277563256519408}
  - {fileID: 577081615}
  - {fileID: 1559938319}
  - {fileID: 767372689}
  - {fileID: 1668098774}
  - {fileID: 573060291}
  m_Father: {fileID: 0}
  m_RootOrder: 12
  m_LocalEulerAnglesHint: {x: 0, y: 0, z: 0}
--- !u!1 &1118621539
GameObject:
  m_ObjectHideFlags: 0
  m_CorrespondingSourceObject: {fileID: 0}
  m_PrefabInstance: {fileID: 0}
  m_PrefabAsset: {fileID: 0}
  serializedVersion: 6
  m_Component:
  - component: {fileID: 1118621542}
  - component: {fileID: 1118621541}
  - component: {fileID: 1118621540}
  - component: {fileID: 1118621543}
  m_Layer: 0
  m_Name: Main Camera
  m_TagString: MainCamera
  m_Icon: {fileID: 0}
  m_NavMeshLayer: 0
  m_StaticEditorFlags: 0
  m_IsActive: 1
--- !u!81 &1118621540
AudioListener:
  m_ObjectHideFlags: 0
  m_CorrespondingSourceObject: {fileID: 0}
  m_PrefabInstance: {fileID: 0}
  m_PrefabAsset: {fileID: 0}
  m_GameObject: {fileID: 1118621539}
  m_Enabled: 1
--- !u!20 &1118621541
Camera:
  m_ObjectHideFlags: 0
  m_CorrespondingSourceObject: {fileID: 0}
  m_PrefabInstance: {fileID: 0}
  m_PrefabAsset: {fileID: 0}
  m_GameObject: {fileID: 1118621539}
  m_Enabled: 1
  serializedVersion: 2
  m_ClearFlags: 1
  m_BackGroundColor: {r: 0, g: 0, b: 0, a: 0}
  m_projectionMatrixMode: 1
  m_GateFitMode: 2
  m_FOVAxisMode: 0
  m_SensorSize: {x: 36, y: 24}
  m_LensShift: {x: 0, y: 0}
  m_FocalLength: 50
  m_NormalizedViewPortRect:
    serializedVersion: 2
    x: 0
    y: 0
    width: 1
    height: 1
  near clip plane: 0.3
  far clip plane: 1000
  field of view: 60
  orthographic: 0
  orthographic size: 5
  m_Depth: -1
  m_CullingMask:
    serializedVersion: 2
    m_Bits: 4294967295
  m_RenderingPath: -1
  m_TargetTexture: {fileID: 0}
  m_TargetDisplay: 0
  m_TargetEye: 3
  m_HDR: 1
  m_AllowMSAA: 1
  m_AllowDynamicResolution: 0
  m_ForceIntoRT: 0
  m_OcclusionCulling: 1
  m_StereoConvergence: 10
  m_StereoSeparation: 0.022
--- !u!4 &1118621542
Transform:
  m_ObjectHideFlags: 0
  m_CorrespondingSourceObject: {fileID: 0}
  m_PrefabInstance: {fileID: 0}
  m_PrefabAsset: {fileID: 0}
  m_GameObject: {fileID: 1118621539}
  m_LocalRotation: {x: 0, y: 0, z: 0, w: 1}
  m_LocalPosition: {x: -8.25, y: -0.86, z: -10}
  m_LocalScale: {x: 1, y: 1, z: 1}
  m_Children: []
  m_Father: {fileID: 0}
  m_RootOrder: 0
  m_LocalEulerAnglesHint: {x: 0, y: 0, z: 0}
--- !u!114 &1118621543
MonoBehaviour:
  m_ObjectHideFlags: 0
  m_CorrespondingSourceObject: {fileID: 0}
  m_PrefabInstance: {fileID: 0}
  m_PrefabAsset: {fileID: 0}
  m_GameObject: {fileID: 1118621539}
  m_Enabled: 0
  m_EditorHideFlags: 0
  m_Script: {fileID: 11500000, guid: 72ece51f2901e7445ab60da3685d6b5f, type: 3}
  m_Name: 
  m_EditorClassIdentifier: 
  m_ShowDebugText: 0
  m_ShowCameraFrustum: 1
  m_IgnoreTimeScale: 0
  m_WorldUpOverride: {fileID: 0}
  m_UpdateMethod: 2
  m_BlendUpdateMethod: 1
  m_DefaultBlend:
    m_Style: 1
    m_Time: 2
    m_CustomCurve:
      serializedVersion: 2
      m_Curve: []
      m_PreInfinity: 2
      m_PostInfinity: 2
      m_RotationOrder: 4
  m_CustomBlends: {fileID: 0}
  m_CameraCutEvent:
    m_PersistentCalls:
      m_Calls: []
  m_CameraActivatedEvent:
    m_PersistentCalls:
      m_Calls: []
--- !u!1 &1122628943
GameObject:
  m_ObjectHideFlags: 0
  m_CorrespondingSourceObject: {fileID: 0}
  m_PrefabInstance: {fileID: 0}
  m_PrefabAsset: {fileID: 0}
  serializedVersion: 6
  m_Component:
  - component: {fileID: 1122628947}
  - component: {fileID: 1122628946}
  - component: {fileID: 1122628945}
  - component: {fileID: 1122628944}
  m_Layer: 5
  m_Name: Canvas (1)
  m_TagString: Untagged
  m_Icon: {fileID: 0}
  m_NavMeshLayer: 0
  m_StaticEditorFlags: 0
  m_IsActive: 1
--- !u!114 &1122628944
MonoBehaviour:
  m_ObjectHideFlags: 0
  m_CorrespondingSourceObject: {fileID: 0}
  m_PrefabInstance: {fileID: 0}
  m_PrefabAsset: {fileID: 0}
  m_GameObject: {fileID: 1122628943}
  m_Enabled: 1
  m_EditorHideFlags: 0
  m_Script: {fileID: 11500000, guid: dc42784cf147c0c48a680349fa168899, type: 3}
  m_Name: 
  m_EditorClassIdentifier: 
  m_IgnoreReversedGraphics: 1
  m_BlockingObjects: 0
  m_BlockingMask:
    serializedVersion: 2
    m_Bits: 4294967295
--- !u!114 &1122628945
MonoBehaviour:
  m_ObjectHideFlags: 0
  m_CorrespondingSourceObject: {fileID: 0}
  m_PrefabInstance: {fileID: 0}
  m_PrefabAsset: {fileID: 0}
  m_GameObject: {fileID: 1122628943}
  m_Enabled: 1
  m_EditorHideFlags: 0
  m_Script: {fileID: 11500000, guid: 0cd44c1031e13a943bb63640046fad76, type: 3}
  m_Name: 
  m_EditorClassIdentifier: 
  m_UiScaleMode: 1
  m_ReferencePixelsPerUnit: 100
  m_ScaleFactor: 1
  m_ReferenceResolution: {x: 800, y: 600}
  m_ScreenMatchMode: 0
  m_MatchWidthOrHeight: 0
  m_PhysicalUnit: 3
  m_FallbackScreenDPI: 96
  m_DefaultSpriteDPI: 96
  m_DynamicPixelsPerUnit: 1
  m_PresetInfoIsWorld: 0
--- !u!223 &1122628946
Canvas:
  m_ObjectHideFlags: 0
  m_CorrespondingSourceObject: {fileID: 0}
  m_PrefabInstance: {fileID: 0}
  m_PrefabAsset: {fileID: 0}
  m_GameObject: {fileID: 1122628943}
  m_Enabled: 1
  serializedVersion: 3
  m_RenderMode: 0
  m_Camera: {fileID: 0}
  m_PlaneDistance: 100
  m_PixelPerfect: 0
  m_ReceivesEvents: 1
  m_OverrideSorting: 0
  m_OverridePixelPerfect: 0
  m_SortingBucketNormalizedSize: 0
  m_AdditionalShaderChannelsFlag: 0
  m_SortingLayerID: 0
  m_SortingOrder: 0
  m_TargetDisplay: 0
--- !u!224 &1122628947
RectTransform:
  m_ObjectHideFlags: 0
  m_CorrespondingSourceObject: {fileID: 0}
  m_PrefabInstance: {fileID: 0}
  m_PrefabAsset: {fileID: 0}
  m_GameObject: {fileID: 1122628943}
  m_LocalRotation: {x: 0, y: 0, z: 0, w: 1}
  m_LocalPosition: {x: 0, y: 0, z: 0}
  m_LocalScale: {x: 0, y: 0, z: 0}
  m_Children:
  - {fileID: 2133841235}
  m_Father: {fileID: 0}
  m_RootOrder: 14
  m_LocalEulerAnglesHint: {x: 0, y: 0, z: 0}
  m_AnchorMin: {x: 0, y: 0}
  m_AnchorMax: {x: 0, y: 0}
  m_AnchoredPosition: {x: 0, y: 0}
  m_SizeDelta: {x: 0, y: 0}
  m_Pivot: {x: 0, y: 0}
--- !u!1 &1362568201
GameObject:
  m_ObjectHideFlags: 0
  m_CorrespondingSourceObject: {fileID: 0}
  m_PrefabInstance: {fileID: 0}
  m_PrefabAsset: {fileID: 0}
  serializedVersion: 6
  m_Component:
  - component: {fileID: 1362568203}
  - component: {fileID: 1362568202}
  m_Layer: 0
  m_Name: Door
  m_TagString: Door
  m_Icon: {fileID: 0}
  m_NavMeshLayer: 0
  m_StaticEditorFlags: 0
  m_IsActive: 1
--- !u!61 &1362568202
BoxCollider2D:
  m_ObjectHideFlags: 0
  m_CorrespondingSourceObject: {fileID: 0}
  m_PrefabInstance: {fileID: 0}
  m_PrefabAsset: {fileID: 0}
  m_GameObject: {fileID: 1362568201}
  m_Enabled: 1
  m_Density: 1
  m_Material: {fileID: 0}
  m_IsTrigger: 0
  m_UsedByEffector: 0
  m_UsedByComposite: 0
  m_Offset: {x: 0.10148382, y: 0.6788478}
  m_SpriteTilingProperty:
    border: {x: 0, y: 0, z: 0, w: 0}
    pivot: {x: 0, y: 0}
    oldSize: {x: 0, y: 0}
    newSize: {x: 0, y: 0}
    adaptiveTilingThreshold: 0
    drawMode: 0
    adaptiveTiling: 0
  m_AutoTiling: 0
  serializedVersion: 2
  m_Size: {x: 0.33310604, y: 2.3576956}
  m_EdgeRadius: 0
--- !u!4 &1362568203
Transform:
  m_ObjectHideFlags: 0
  m_CorrespondingSourceObject: {fileID: 0}
  m_PrefabInstance: {fileID: 0}
  m_PrefabAsset: {fileID: 0}
  m_GameObject: {fileID: 1362568201}
  m_LocalRotation: {x: 0, y: 0, z: 0, w: 1}
  m_LocalPosition: {x: 0.74, y: 1.27, z: 0}
  m_LocalScale: {x: 1, y: 1, z: 1}
  m_Children: []
  m_Father: {fileID: 0}
  m_RootOrder: 4
  m_LocalEulerAnglesHint: {x: 0, y: 0, z: 0}
--- !u!1001 &1490847719
PrefabInstance:
  m_ObjectHideFlags: 0
  serializedVersion: 2
  m_Modification:
    m_TransformParent: {fileID: 0}
    m_Modifications:
    - target: {fileID: 6436270004944645617, guid: af4726c32a4af4914af2524dd3473fe2, type: 3}
      propertyPath: m_Name
      value: Stairs
      objectReference: {fileID: 0}
    - target: {fileID: 6436270004944645617, guid: af4726c32a4af4914af2524dd3473fe2, type: 3}
      propertyPath: m_Layer
      value: 6
      objectReference: {fileID: 0}
    - target: {fileID: 6436270004944645617, guid: af4726c32a4af4914af2524dd3473fe2, type: 3}
      propertyPath: m_TagString
      value: Stairs
      objectReference: {fileID: 0}
    - target: {fileID: 6436270004944645623, guid: af4726c32a4af4914af2524dd3473fe2, type: 3}
      propertyPath: m_RootOrder
      value: 7
      objectReference: {fileID: 0}
    - target: {fileID: 6436270004944645623, guid: af4726c32a4af4914af2524dd3473fe2, type: 3}
      propertyPath: m_LocalScale.x
      value: 0.85
      objectReference: {fileID: 0}
    - target: {fileID: 6436270004944645623, guid: af4726c32a4af4914af2524dd3473fe2, type: 3}
      propertyPath: m_LocalPosition.x
      value: -2.01
      objectReference: {fileID: 0}
    - target: {fileID: 6436270004944645623, guid: af4726c32a4af4914af2524dd3473fe2, type: 3}
      propertyPath: m_LocalPosition.y
      value: -3.05
      objectReference: {fileID: 0}
    - target: {fileID: 6436270004944645623, guid: af4726c32a4af4914af2524dd3473fe2, type: 3}
      propertyPath: m_LocalPosition.z
      value: 0
      objectReference: {fileID: 0}
    - target: {fileID: 6436270004944645623, guid: af4726c32a4af4914af2524dd3473fe2, type: 3}
      propertyPath: m_LocalRotation.w
      value: 1
      objectReference: {fileID: 0}
    - target: {fileID: 6436270004944645623, guid: af4726c32a4af4914af2524dd3473fe2, type: 3}
      propertyPath: m_LocalRotation.x
      value: 0
      objectReference: {fileID: 0}
    - target: {fileID: 6436270004944645623, guid: af4726c32a4af4914af2524dd3473fe2, type: 3}
      propertyPath: m_LocalRotation.y
      value: 0
      objectReference: {fileID: 0}
    - target: {fileID: 6436270004944645623, guid: af4726c32a4af4914af2524dd3473fe2, type: 3}
      propertyPath: m_LocalRotation.z
      value: 0
      objectReference: {fileID: 0}
    - target: {fileID: 6436270004944645623, guid: af4726c32a4af4914af2524dd3473fe2, type: 3}
      propertyPath: m_LocalEulerAnglesHint.x
      value: 0
      objectReference: {fileID: 0}
    - target: {fileID: 6436270004944645623, guid: af4726c32a4af4914af2524dd3473fe2, type: 3}
      propertyPath: m_LocalEulerAnglesHint.y
      value: 0
      objectReference: {fileID: 0}
    - target: {fileID: 6436270004944645623, guid: af4726c32a4af4914af2524dd3473fe2, type: 3}
      propertyPath: m_LocalEulerAnglesHint.z
      value: 0
      objectReference: {fileID: 0}
    m_RemovedComponents: []
  m_SourcePrefab: {fileID: 100100000, guid: af4726c32a4af4914af2524dd3473fe2, type: 3}
--- !u!1 &1490847720 stripped
GameObject:
  m_CorrespondingSourceObject: {fileID: 6436270004944645617, guid: af4726c32a4af4914af2524dd3473fe2, type: 3}
  m_PrefabInstance: {fileID: 1490847719}
  m_PrefabAsset: {fileID: 0}
--- !u!68 &1490847721
EdgeCollider2D:
  m_ObjectHideFlags: 0
  m_CorrespondingSourceObject: {fileID: 0}
  m_PrefabInstance: {fileID: 0}
  m_PrefabAsset: {fileID: 0}
  m_GameObject: {fileID: 1490847720}
  m_Enabled: 1
  m_Density: 1
  m_Material: {fileID: 0}
  m_IsTrigger: 0
  m_UsedByEffector: 0
  m_UsedByComposite: 0
  m_Offset: {x: 0, y: 0}
  m_EdgeRadius: 0
  m_Points:
  - {x: -1.8286144, y: -1.5199016}
  - {x: 3.663968, y: 3.9574802}
  m_AdjacentStartPoint: {x: 0, y: 0}
  m_AdjacentEndPoint: {x: 0, y: 0}
  m_UseAdjacentStartPoint: 0
  m_UseAdjacentEndPoint: 0
--- !u!1 &1559938318
GameObject:
  m_ObjectHideFlags: 0
  m_CorrespondingSourceObject: {fileID: 0}
  m_PrefabInstance: {fileID: 0}
  m_PrefabAsset: {fileID: 0}
  serializedVersion: 6
  m_Component:
  - component: {fileID: 1559938319}
  m_Layer: 0
  m_Name: BlockPosLeft
  m_TagString: Untagged
  m_Icon: {fileID: 0}
  m_NavMeshLayer: 0
  m_StaticEditorFlags: 0
  m_IsActive: 1
--- !u!4 &1559938319
Transform:
  m_ObjectHideFlags: 0
  m_CorrespondingSourceObject: {fileID: 0}
  m_PrefabInstance: {fileID: 0}
  m_PrefabAsset: {fileID: 0}
  m_GameObject: {fileID: 1559938318}
  m_LocalRotation: {x: -0, y: -0, z: -0, w: 1}
  m_LocalPosition: {x: 2.85, y: 3.94, z: 1.7417433}
  m_LocalScale: {x: 0.25, y: 0.14999999, z: 0.099999994}
  m_Children: []
  m_Father: {fileID: 1075246380}
  m_RootOrder: 9
  m_LocalEulerAnglesHint: {x: 0, y: 0, z: 0}
--- !u!1001 &1576848047
PrefabInstance:
  m_ObjectHideFlags: 0
  serializedVersion: 2
  m_Modification:
    m_TransformParent: {fileID: 1075246380}
    m_Modifications:
    - target: {fileID: 4194476493564209399, guid: cb8700bd0570f4e3da3d938666e9d2d9, type: 3}
      propertyPath: m_RootOrder
      value: 2
      objectReference: {fileID: 0}
    - target: {fileID: 4194476493564209399, guid: cb8700bd0570f4e3da3d938666e9d2d9, type: 3}
      propertyPath: m_LocalPosition.x
      value: 2.59
      objectReference: {fileID: 0}
    - target: {fileID: 4194476493564209399, guid: cb8700bd0570f4e3da3d938666e9d2d9, type: 3}
      propertyPath: m_LocalPosition.y
      value: 6.2682147
      objectReference: {fileID: 0}
    - target: {fileID: 4194476493564209399, guid: cb8700bd0570f4e3da3d938666e9d2d9, type: 3}
      propertyPath: m_LocalPosition.z
      value: 1.7417433
      objectReference: {fileID: 0}
    - target: {fileID: 4194476493564209399, guid: cb8700bd0570f4e3da3d938666e9d2d9, type: 3}
      propertyPath: m_LocalRotation.w
      value: 1
      objectReference: {fileID: 0}
    - target: {fileID: 4194476493564209399, guid: cb8700bd0570f4e3da3d938666e9d2d9, type: 3}
      propertyPath: m_LocalRotation.x
      value: -0
      objectReference: {fileID: 0}
    - target: {fileID: 4194476493564209399, guid: cb8700bd0570f4e3da3d938666e9d2d9, type: 3}
      propertyPath: m_LocalRotation.y
      value: -0
      objectReference: {fileID: 0}
    - target: {fileID: 4194476493564209399, guid: cb8700bd0570f4e3da3d938666e9d2d9, type: 3}
      propertyPath: m_LocalRotation.z
      value: -0
      objectReference: {fileID: 0}
    - target: {fileID: 4194476493564209399, guid: cb8700bd0570f4e3da3d938666e9d2d9, type: 3}
      propertyPath: m_LocalEulerAnglesHint.x
      value: 0
      objectReference: {fileID: 0}
    - target: {fileID: 4194476493564209399, guid: cb8700bd0570f4e3da3d938666e9d2d9, type: 3}
      propertyPath: m_LocalEulerAnglesHint.y
      value: 0
      objectReference: {fileID: 0}
    - target: {fileID: 4194476493564209399, guid: cb8700bd0570f4e3da3d938666e9d2d9, type: 3}
      propertyPath: m_LocalEulerAnglesHint.z
      value: 0
      objectReference: {fileID: 0}
    - target: {fileID: 5978629871284600841, guid: cb8700bd0570f4e3da3d938666e9d2d9, type: 3}
      propertyPath: m_Name
      value: Block (3)
      objectReference: {fileID: 0}
    m_RemovedComponents: []
  m_SourcePrefab: {fileID: 100100000, guid: cb8700bd0570f4e3da3d938666e9d2d9, type: 3}
--- !u!4 &1576848048 stripped
Transform:
  m_CorrespondingSourceObject: {fileID: 4194476493564209399, guid: cb8700bd0570f4e3da3d938666e9d2d9, type: 3}
  m_PrefabInstance: {fileID: 1576848047}
  m_PrefabAsset: {fileID: 0}
--- !u!1 &1668098773
GameObject:
  m_ObjectHideFlags: 0
  m_CorrespondingSourceObject: {fileID: 0}
  m_PrefabInstance: {fileID: 0}
  m_PrefabAsset: {fileID: 0}
  serializedVersion: 6
  m_Component:
  - component: {fileID: 1668098774}
  m_Layer: 0
  m_Name: BlockPosRight (1)
  m_TagString: Untagged
  m_Icon: {fileID: 2488908585195742037, guid: 0000000000000000d000000000000000, type: 0}
  m_NavMeshLayer: 0
  m_StaticEditorFlags: 0
  m_IsActive: 1
--- !u!4 &1668098774
Transform:
  m_ObjectHideFlags: 0
  m_CorrespondingSourceObject: {fileID: 0}
  m_PrefabInstance: {fileID: 0}
  m_PrefabAsset: {fileID: 0}
  m_GameObject: {fileID: 1668098773}
  m_LocalRotation: {x: -0, y: -0, z: -0, w: 1}
  m_LocalPosition: {x: 2.71, y: 2.47, z: 1.7417433}
  m_LocalScale: {x: 0.25, y: 0.14999999, z: 0.099999994}
  m_Children: []
  m_Father: {fileID: 1075246380}
  m_RootOrder: 11
  m_LocalEulerAnglesHint: {x: 0, y: 0, z: 0}
--- !u!1 &1698606140
GameObject:
  m_ObjectHideFlags: 0
  m_CorrespondingSourceObject: {fileID: 0}
  m_PrefabInstance: {fileID: 0}
  m_PrefabAsset: {fileID: 0}
  serializedVersion: 6
  m_Component:
  - component: {fileID: 1698606143}
  - component: {fileID: 1698606142}
  - component: {fileID: 1698606141}
  m_Layer: 0
  m_Name: EventSystem
  m_TagString: Untagged
  m_Icon: {fileID: 0}
  m_NavMeshLayer: 0
  m_StaticEditorFlags: 0
  m_IsActive: 1
--- !u!114 &1698606141
MonoBehaviour:
  m_ObjectHideFlags: 0
  m_CorrespondingSourceObject: {fileID: 0}
  m_PrefabInstance: {fileID: 0}
  m_PrefabAsset: {fileID: 0}
  m_GameObject: {fileID: 1698606140}
  m_Enabled: 1
  m_EditorHideFlags: 0
  m_Script: {fileID: 11500000, guid: 4f231c4fb786f3946a6b90b886c48677, type: 3}
  m_Name: 
  m_EditorClassIdentifier: 
  m_HorizontalAxis: Horizontal
  m_VerticalAxis: Vertical
  m_SubmitButton: Submit
  m_CancelButton: Cancel
  m_InputActionsPerSecond: 10
  m_RepeatDelay: 0.5
  m_ForceModuleActive: 0
--- !u!114 &1698606142
MonoBehaviour:
  m_ObjectHideFlags: 0
  m_CorrespondingSourceObject: {fileID: 0}
  m_PrefabInstance: {fileID: 0}
  m_PrefabAsset: {fileID: 0}
  m_GameObject: {fileID: 1698606140}
  m_Enabled: 1
  m_EditorHideFlags: 0
  m_Script: {fileID: 11500000, guid: 76c392e42b5098c458856cdf6ecaaaa1, type: 3}
  m_Name: 
  m_EditorClassIdentifier: 
  m_FirstSelected: {fileID: 0}
  m_sendNavigationEvents: 1
  m_DragThreshold: 10
--- !u!4 &1698606143
Transform:
  m_ObjectHideFlags: 0
  m_CorrespondingSourceObject: {fileID: 0}
  m_PrefabInstance: {fileID: 0}
  m_PrefabAsset: {fileID: 0}
  m_GameObject: {fileID: 1698606140}
  m_LocalRotation: {x: 0, y: 0, z: 0, w: 1}
  m_LocalPosition: {x: 0, y: 0, z: 0}
  m_LocalScale: {x: 1, y: 1, z: 1}
  m_Children: []
  m_Father: {fileID: 0}
  m_RootOrder: 1
  m_LocalEulerAnglesHint: {x: 0, y: 0, z: 0}
--- !u!1 &1756235500
GameObject:
  m_ObjectHideFlags: 0
  m_CorrespondingSourceObject: {fileID: 0}
  m_PrefabInstance: {fileID: 0}
  m_PrefabAsset: {fileID: 0}
  serializedVersion: 6
  m_Component:
  - component: {fileID: 1756235503}
  - component: {fileID: 1756235502}
  - component: {fileID: 1756235501}
  m_Layer: 0
  m_Name: Left_Wall
  m_TagString: Untagged
  m_Icon: {fileID: 0}
  m_NavMeshLayer: 0
  m_StaticEditorFlags: 0
  m_IsActive: 1
--- !u!61 &1756235501
BoxCollider2D:
  m_ObjectHideFlags: 0
  m_CorrespondingSourceObject: {fileID: 0}
  m_PrefabInstance: {fileID: 0}
  m_PrefabAsset: {fileID: 0}
  m_GameObject: {fileID: 1756235500}
  m_Enabled: 1
  m_Density: 1
  m_Material: {fileID: 0}
  m_IsTrigger: 0
  m_UsedByEffector: 0
  m_UsedByComposite: 0
  m_Offset: {x: 0, y: 0}
  m_SpriteTilingProperty:
    border: {x: 0, y: 0, z: 0, w: 0}
    pivot: {x: 0.5, y: 0.5}
    oldSize: {x: 1, y: 1}
    newSize: {x: 1, y: 1}
    adaptiveTilingThreshold: 0.5
    drawMode: 0
    adaptiveTiling: 0
  m_AutoTiling: 0
  serializedVersion: 2
  m_Size: {x: 1, y: 1}
  m_EdgeRadius: 0
--- !u!212 &1756235502
SpriteRenderer:
  m_ObjectHideFlags: 0
  m_CorrespondingSourceObject: {fileID: 0}
  m_PrefabInstance: {fileID: 0}
  m_PrefabAsset: {fileID: 0}
  m_GameObject: {fileID: 1756235500}
  m_Enabled: 1
  m_CastShadows: 0
  m_ReceiveShadows: 0
  m_DynamicOccludee: 1
  m_MotionVectors: 1
  m_LightProbeUsage: 1
  m_ReflectionProbeUsage: 1
  m_RayTracingMode: 0
  m_RayTraceProcedural: 0
  m_RenderingLayerMask: 1
  m_RendererPriority: 0
  m_Materials:
  - {fileID: 10754, guid: 0000000000000000f000000000000000, type: 0}
  m_StaticBatchInfo:
    firstSubMesh: 0
    subMeshCount: 0
  m_StaticBatchRoot: {fileID: 0}
  m_ProbeAnchor: {fileID: 0}
  m_LightProbeVolumeOverride: {fileID: 0}
  m_ScaleInLightmap: 1
  m_ReceiveGI: 1
  m_PreserveUVs: 0
  m_IgnoreNormalsForChartDetection: 0
  m_ImportantGI: 0
  m_StitchLightmapSeams: 1
  m_SelectedEditorRenderState: 0
  m_MinimumChartSize: 4
  m_AutoUVMaxDistance: 0.5
  m_AutoUVMaxAngle: 89
  m_LightmapParameters: {fileID: 0}
  m_SortingLayerID: 0
  m_SortingLayer: 0
  m_SortingOrder: 0
  m_Sprite: {fileID: 7482667652216324306, guid: db750325989564987a34393247d883b4, type: 3}
  m_Color: {r: 1, g: 1, b: 1, a: 1}
  m_FlipX: 0
  m_FlipY: 0
  m_DrawMode: 0
  m_Size: {x: 1, y: 1}
  m_AdaptiveModeThreshold: 0.5
  m_SpriteTileMode: 0
  m_WasSpriteAssigned: 1
  m_MaskInteraction: 0
  m_SpriteSortPoint: 0
--- !u!4 &1756235503
Transform:
  m_ObjectHideFlags: 0
  m_CorrespondingSourceObject: {fileID: 0}
  m_PrefabInstance: {fileID: 0}
  m_PrefabAsset: {fileID: 0}
  m_GameObject: {fileID: 1756235500}
  m_LocalRotation: {x: 0, y: 0, z: 0, w: 1}
  m_LocalPosition: {x: -19.1, y: -4.81, z: 0}
  m_LocalScale: {x: 1, y: 4.6539063, z: 1}
  m_Children: []
  m_Father: {fileID: 0}
  m_RootOrder: 16
  m_LocalEulerAnglesHint: {x: 0, y: 0, z: 0}
--- !u!1001 &1914047927
PrefabInstance:
  m_ObjectHideFlags: 0
  serializedVersion: 2
  m_Modification:
    m_TransformParent: {fileID: 1075246380}
    m_Modifications:
    - target: {fileID: 4194476493564209399, guid: cb8700bd0570f4e3da3d938666e9d2d9, type: 3}
      propertyPath: m_RootOrder
      value: 1
      objectReference: {fileID: 0}
    - target: {fileID: 4194476493564209399, guid: cb8700bd0570f4e3da3d938666e9d2d9, type: 3}
      propertyPath: m_LocalPosition.x
      value: -0.6306677
      objectReference: {fileID: 0}
    - target: {fileID: 4194476493564209399, guid: cb8700bd0570f4e3da3d938666e9d2d9, type: 3}
      propertyPath: m_LocalPosition.y
      value: 5.4782147
      objectReference: {fileID: 0}
    - target: {fileID: 4194476493564209399, guid: cb8700bd0570f4e3da3d938666e9d2d9, type: 3}
      propertyPath: m_LocalPosition.z
      value: 1.7417433
      objectReference: {fileID: 0}
    - target: {fileID: 4194476493564209399, guid: cb8700bd0570f4e3da3d938666e9d2d9, type: 3}
      propertyPath: m_LocalRotation.w
      value: 1
      objectReference: {fileID: 0}
    - target: {fileID: 4194476493564209399, guid: cb8700bd0570f4e3da3d938666e9d2d9, type: 3}
      propertyPath: m_LocalRotation.x
      value: -0
      objectReference: {fileID: 0}
    - target: {fileID: 4194476493564209399, guid: cb8700bd0570f4e3da3d938666e9d2d9, type: 3}
      propertyPath: m_LocalRotation.y
      value: -0
      objectReference: {fileID: 0}
    - target: {fileID: 4194476493564209399, guid: cb8700bd0570f4e3da3d938666e9d2d9, type: 3}
      propertyPath: m_LocalRotation.z
      value: -0
      objectReference: {fileID: 0}
    - target: {fileID: 4194476493564209399, guid: cb8700bd0570f4e3da3d938666e9d2d9, type: 3}
      propertyPath: m_LocalEulerAnglesHint.x
      value: 0
      objectReference: {fileID: 0}
    - target: {fileID: 4194476493564209399, guid: cb8700bd0570f4e3da3d938666e9d2d9, type: 3}
      propertyPath: m_LocalEulerAnglesHint.y
      value: 0
      objectReference: {fileID: 0}
    - target: {fileID: 4194476493564209399, guid: cb8700bd0570f4e3da3d938666e9d2d9, type: 3}
      propertyPath: m_LocalEulerAnglesHint.z
      value: 0
      objectReference: {fileID: 0}
    - target: {fileID: 5978629871284600841, guid: cb8700bd0570f4e3da3d938666e9d2d9, type: 3}
      propertyPath: m_Name
      value: Block (2)
      objectReference: {fileID: 0}
    m_RemovedComponents: []
  m_SourcePrefab: {fileID: 100100000, guid: cb8700bd0570f4e3da3d938666e9d2d9, type: 3}
--- !u!4 &1914047928 stripped
Transform:
  m_CorrespondingSourceObject: {fileID: 4194476493564209399, guid: cb8700bd0570f4e3da3d938666e9d2d9, type: 3}
  m_PrefabInstance: {fileID: 1914047927}
  m_PrefabAsset: {fileID: 0}
--- !u!1 &2133841234
GameObject:
  m_ObjectHideFlags: 0
  m_CorrespondingSourceObject: {fileID: 0}
  m_PrefabInstance: {fileID: 0}
  m_PrefabAsset: {fileID: 0}
  serializedVersion: 6
  m_Component:
  - component: {fileID: 2133841235}
  - component: {fileID: 2133841237}
  - component: {fileID: 2133841236}
  m_Layer: 5
  m_Name: Lives
  m_TagString: Untagged
  m_Icon: {fileID: 0}
  m_NavMeshLayer: 0
  m_StaticEditorFlags: 0
  m_IsActive: 1
--- !u!224 &2133841235
RectTransform:
  m_ObjectHideFlags: 0
  m_CorrespondingSourceObject: {fileID: 0}
  m_PrefabInstance: {fileID: 0}
  m_PrefabAsset: {fileID: 0}
  m_GameObject: {fileID: 2133841234}
  m_LocalRotation: {x: 0, y: 0, z: 0, w: 1}
  m_LocalPosition: {x: 0, y: 0, z: 0}
  m_LocalScale: {x: 1, y: 1, z: 1}
  m_Children: []
  m_Father: {fileID: 1122628947}
  m_RootOrder: 0
  m_LocalEulerAnglesHint: {x: 0, y: 0, z: 0}
  m_AnchorMin: {x: 0, y: 1}
  m_AnchorMax: {x: 0, y: 1}
  m_AnchoredPosition: {x: 115.6001, y: -55.19995}
  m_SizeDelta: {x: 160, y: 30}
  m_Pivot: {x: 0.5, y: 0.5}
--- !u!114 &2133841236
MonoBehaviour:
  m_ObjectHideFlags: 0
  m_CorrespondingSourceObject: {fileID: 0}
  m_PrefabInstance: {fileID: 0}
  m_PrefabAsset: {fileID: 0}
  m_GameObject: {fileID: 2133841234}
  m_Enabled: 1
  m_EditorHideFlags: 0
  m_Script: {fileID: 11500000, guid: 5f7201a12d95ffc409449d95f23cf332, type: 3}
  m_Name: 
  m_EditorClassIdentifier: 
  m_Material: {fileID: 0}
  m_Color: {r: 1, g: 1, b: 1, a: 1}
  m_RaycastTarget: 1
  m_RaycastPadding: {x: 0, y: 0, z: 0, w: 0}
  m_Maskable: 1
  m_OnCullStateChanged:
    m_PersistentCalls:
      m_Calls: []
  m_FontData:
    m_Font: {fileID: 10102, guid: 0000000000000000e000000000000000, type: 0}
    m_FontSize: 24
    m_FontStyle: 0
    m_BestFit: 0
    m_MinSize: 2
    m_MaxSize: 40
    m_Alignment: 0
    m_AlignByGeometry: 0
    m_RichText: 1
    m_HorizontalOverflow: 0
    m_VerticalOverflow: 0
    m_LineSpacing: 1
  m_Text: Lives:3
--- !u!222 &2133841237
CanvasRenderer:
  m_ObjectHideFlags: 0
  m_CorrespondingSourceObject: {fileID: 0}
  m_PrefabInstance: {fileID: 0}
  m_PrefabAsset: {fileID: 0}
  m_GameObject: {fileID: 2133841234}
  m_CullTransparentMesh: 1
--- !u!1001 &562277563256519407
PrefabInstance:
  m_ObjectHideFlags: 0
  serializedVersion: 2
  m_Modification:
    m_TransformParent: {fileID: 1075246380}
    m_Modifications:
    - target: {fileID: 4194476493564209399, guid: 0e04e0e1c699d450c892ed7f5a05d6aa, type: 3}
      propertyPath: m_RootOrder
      value: 7
      objectReference: {fileID: 0}
    - target: {fileID: 4194476493564209399, guid: 0e04e0e1c699d450c892ed7f5a05d6aa, type: 3}
      propertyPath: m_LocalPosition.x
      value: 1.919332
      objectReference: {fileID: 0}
    - target: {fileID: 4194476493564209399, guid: 0e04e0e1c699d450c892ed7f5a05d6aa, type: 3}
      propertyPath: m_LocalPosition.y
      value: 2.4982147
      objectReference: {fileID: 0}
    - target: {fileID: 4194476493564209399, guid: 0e04e0e1c699d450c892ed7f5a05d6aa, type: 3}
      propertyPath: m_LocalPosition.z
      value: 1.7417433
      objectReference: {fileID: 0}
    - target: {fileID: 4194476493564209399, guid: 0e04e0e1c699d450c892ed7f5a05d6aa, type: 3}
      propertyPath: m_LocalRotation.w
      value: 1
      objectReference: {fileID: 0}
    - target: {fileID: 4194476493564209399, guid: 0e04e0e1c699d450c892ed7f5a05d6aa, type: 3}
      propertyPath: m_LocalRotation.x
      value: -0
      objectReference: {fileID: 0}
    - target: {fileID: 4194476493564209399, guid: 0e04e0e1c699d450c892ed7f5a05d6aa, type: 3}
      propertyPath: m_LocalRotation.y
      value: -0
      objectReference: {fileID: 0}
    - target: {fileID: 4194476493564209399, guid: 0e04e0e1c699d450c892ed7f5a05d6aa, type: 3}
      propertyPath: m_LocalRotation.z
      value: -0
      objectReference: {fileID: 0}
    - target: {fileID: 4194476493564209399, guid: 0e04e0e1c699d450c892ed7f5a05d6aa, type: 3}
      propertyPath: m_LocalEulerAnglesHint.x
      value: 0
      objectReference: {fileID: 0}
    - target: {fileID: 4194476493564209399, guid: 0e04e0e1c699d450c892ed7f5a05d6aa, type: 3}
      propertyPath: m_LocalEulerAnglesHint.y
      value: 0
      objectReference: {fileID: 0}
    - target: {fileID: 4194476493564209399, guid: 0e04e0e1c699d450c892ed7f5a05d6aa, type: 3}
      propertyPath: m_LocalEulerAnglesHint.z
      value: 0
      objectReference: {fileID: 0}
    - target: {fileID: 5978629871284600841, guid: 0e04e0e1c699d450c892ed7f5a05d6aa, type: 3}
      propertyPath: m_Name
      value: BlockMovingHor
      objectReference: {fileID: 0}
    - target: {fileID: 8841257177749495074, guid: 0e04e0e1c699d450c892ed7f5a05d6aa, type: 3}
      propertyPath: pos1
      value: 
      objectReference: {fileID: 577081615}
    - target: {fileID: 8841257177749495074, guid: 0e04e0e1c699d450c892ed7f5a05d6aa, type: 3}
      propertyPath: pos2
      value: 
      objectReference: {fileID: 1559938319}
    - target: {fileID: 8841257177749495074, guid: 0e04e0e1c699d450c892ed7f5a05d6aa, type: 3}
      propertyPath: speed
      value: 2
      objectReference: {fileID: 0}
    - target: {fileID: 8841257177749495074, guid: 0e04e0e1c699d450c892ed7f5a05d6aa, type: 3}
      propertyPath: startPos
      value: 
      objectReference: {fileID: 577081615}
    m_RemovedComponents: []
  m_SourcePrefab: {fileID: 100100000, guid: 0e04e0e1c699d450c892ed7f5a05d6aa, type: 3}
--- !u!4 &562277563256519408 stripped
Transform:
  m_CorrespondingSourceObject: {fileID: 4194476493564209399, guid: 0e04e0e1c699d450c892ed7f5a05d6aa, type: 3}
  m_PrefabInstance: {fileID: 562277563256519407}
  m_PrefabAsset: {fileID: 0}
--- !u!1001 &3155193805753518503
PrefabInstance:
  m_ObjectHideFlags: 0
  serializedVersion: 2
  m_Modification:
    m_TransformParent: {fileID: 0}
    m_Modifications:
    - target: {fileID: 1948852379041408968, guid: 05490a90b677e48419ae5950603b6713, type: 3}
      propertyPath: m_RootOrder
      value: 3
      objectReference: {fileID: 0}
    - target: {fileID: 1948852379041408968, guid: 05490a90b677e48419ae5950603b6713, type: 3}
      propertyPath: m_LocalPosition.x
      value: -6.0500007
      objectReference: {fileID: 0}
    - target: {fileID: 1948852379041408968, guid: 05490a90b677e48419ae5950603b6713, type: 3}
      propertyPath: m_LocalPosition.y
      value: -4.5099998
      objectReference: {fileID: 0}
    - target: {fileID: 1948852379041408968, guid: 05490a90b677e48419ae5950603b6713, type: 3}
      propertyPath: m_LocalPosition.z
      value: 0
      objectReference: {fileID: 0}
    - target: {fileID: 1948852379041408968, guid: 05490a90b677e48419ae5950603b6713, type: 3}
      propertyPath: m_LocalRotation.w
      value: 1
      objectReference: {fileID: 0}
    - target: {fileID: 1948852379041408968, guid: 05490a90b677e48419ae5950603b6713, type: 3}
      propertyPath: m_LocalRotation.x
      value: -0
      objectReference: {fileID: 0}
    - target: {fileID: 1948852379041408968, guid: 05490a90b677e48419ae5950603b6713, type: 3}
      propertyPath: m_LocalRotation.y
      value: -0
      objectReference: {fileID: 0}
    - target: {fileID: 1948852379041408968, guid: 05490a90b677e48419ae5950603b6713, type: 3}
      propertyPath: m_LocalRotation.z
      value: -0
      objectReference: {fileID: 0}
    - target: {fileID: 1948852379041408968, guid: 05490a90b677e48419ae5950603b6713, type: 3}
      propertyPath: m_LocalEulerAnglesHint.x
      value: 0
      objectReference: {fileID: 0}
    - target: {fileID: 1948852379041408968, guid: 05490a90b677e48419ae5950603b6713, type: 3}
      propertyPath: m_LocalEulerAnglesHint.y
      value: 0
      objectReference: {fileID: 0}
    - target: {fileID: 1948852379041408968, guid: 05490a90b677e48419ae5950603b6713, type: 3}
      propertyPath: m_LocalEulerAnglesHint.z
      value: 0
      objectReference: {fileID: 0}
    - target: {fileID: 4429631979140385916, guid: 05490a90b677e48419ae5950603b6713, type: 3}
      propertyPath: m_LocalPosition.y
      value: -1.61
      objectReference: {fileID: 0}
    - target: {fileID: 6172998649836945901, guid: 05490a90b677e48419ae5950603b6713, type: 3}
      propertyPath: m_Name
      value: Wizard
      objectReference: {fileID: 0}
    - target: {fileID: 6430359710083342678, guid: 05490a90b677e48419ae5950603b6713, type: 3}
      propertyPath: sr
      value: 
      objectReference: {fileID: 5670710966078713605}
    - target: {fileID: 6430359710083342678, guid: 05490a90b677e48419ae5950603b6713, type: 3}
      propertyPath: anim
      value: 
      objectReference: {fileID: 9107234593488816203}
    - target: {fileID: 6430359710083342678, guid: 05490a90b677e48419ae5950603b6713, type: 3}
      propertyPath: FirePos
      value: 
      objectReference: {fileID: 113943990}
    - target: {fileID: 6430359710083342678, guid: 05490a90b677e48419ae5950603b6713, type: 3}
      propertyPath: jumpForce
      value: 800
      objectReference: {fileID: 0}
    - target: {fileID: 6430359710083342678, guid: 05490a90b677e48419ae5950603b6713, type: 3}
      propertyPath: BulletObject
      value: 
      objectReference: {fileID: 2501654928703598251, guid: 73dab16ee7691432baea3c807174a9fd, type: 3}
    - target: {fileID: 6430359710083342678, guid: 05490a90b677e48419ae5950603b6713, type: 3}
      propertyPath: bulletPrefab
      value: 
      objectReference: {fileID: 2501654928703598251, guid: 73dab16ee7691432baea3c807174a9fd, type: 3}
    - target: {fileID: 7312695261434422946, guid: 05490a90b677e48419ae5950603b6713, type: 3}
      propertyPath: m_SortingOrder
      value: 0
      objectReference: {fileID: 0}
    - target: {fileID: 8148161251444375209, guid: 05490a90b677e48419ae5950603b6713, type: 3}
      propertyPath: m_Size.x
      value: 1.7618104
      objectReference: {fileID: 0}
    - target: {fileID: 8148161251444375209, guid: 05490a90b677e48419ae5950603b6713, type: 3}
      propertyPath: m_Size.y
      value: 2.5618105
      objectReference: {fileID: 0}
    - target: {fileID: 8148161251444375209, guid: 05490a90b677e48419ae5950603b6713, type: 3}
      propertyPath: m_Offset.x
      value: 0.046165645
      objectReference: {fileID: 0}
    - target: {fileID: 8148161251444375209, guid: 05490a90b677e48419ae5950603b6713, type: 3}
      propertyPath: m_Offset.y
      value: 0.046165764
      objectReference: {fileID: 0}
    m_RemovedComponents: []
  m_SourcePrefab: {fileID: 100100000, guid: 05490a90b677e48419ae5950603b6713, type: 3}
--- !u!1001 &3354721595940871425
PrefabInstance:
  m_ObjectHideFlags: 0
  serializedVersion: 2
  m_Modification:
    m_TransformParent: {fileID: 0}
    m_Modifications:
    - target: {fileID: 543774845773730416, guid: a2ae1b5e155024a63be9a69f3c265063, type: 3}
      propertyPath: m_RootOrder
      value: 10
      objectReference: {fileID: 0}
    - target: {fileID: 543774845773730416, guid: a2ae1b5e155024a63be9a69f3c265063, type: 3}
      propertyPath: m_LocalPosition.x
      value: -14.24
      objectReference: {fileID: 0}
    - target: {fileID: 543774845773730416, guid: a2ae1b5e155024a63be9a69f3c265063, type: 3}
      propertyPath: m_LocalPosition.y
      value: 2.99
      objectReference: {fileID: 0}
    - target: {fileID: 543774845773730416, guid: a2ae1b5e155024a63be9a69f3c265063, type: 3}
      propertyPath: m_LocalPosition.z
      value: 0
      objectReference: {fileID: 0}
    - target: {fileID: 543774845773730416, guid: a2ae1b5e155024a63be9a69f3c265063, type: 3}
      propertyPath: m_LocalRotation.w
      value: 1
      objectReference: {fileID: 0}
    - target: {fileID: 543774845773730416, guid: a2ae1b5e155024a63be9a69f3c265063, type: 3}
      propertyPath: m_LocalRotation.x
      value: 0
      objectReference: {fileID: 0}
    - target: {fileID: 543774845773730416, guid: a2ae1b5e155024a63be9a69f3c265063, type: 3}
      propertyPath: m_LocalRotation.y
      value: 0
      objectReference: {fileID: 0}
    - target: {fileID: 543774845773730416, guid: a2ae1b5e155024a63be9a69f3c265063, type: 3}
      propertyPath: m_LocalRotation.z
      value: 0
      objectReference: {fileID: 0}
    - target: {fileID: 543774845773730416, guid: a2ae1b5e155024a63be9a69f3c265063, type: 3}
      propertyPath: m_LocalEulerAnglesHint.x
      value: 0
      objectReference: {fileID: 0}
    - target: {fileID: 543774845773730416, guid: a2ae1b5e155024a63be9a69f3c265063, type: 3}
      propertyPath: m_LocalEulerAnglesHint.y
      value: 0
      objectReference: {fileID: 0}
    - target: {fileID: 543774845773730416, guid: a2ae1b5e155024a63be9a69f3c265063, type: 3}
      propertyPath: m_LocalEulerAnglesHint.z
      value: 0
      objectReference: {fileID: 0}
    - target: {fileID: 8347565724244609107, guid: a2ae1b5e155024a63be9a69f3c265063, type: 3}
      propertyPath: m_Name
      value: Spike
      objectReference: {fileID: 0}
    - target: {fileID: 8347565724244609107, guid: a2ae1b5e155024a63be9a69f3c265063, type: 3}
      propertyPath: m_IsActive
      value: 0
      objectReference: {fileID: 0}
    - target: {fileID: 8347565724244609107, guid: a2ae1b5e155024a63be9a69f3c265063, type: 3}
      propertyPath: m_TagString
      value: Obstacle
      objectReference: {fileID: 0}
    m_RemovedComponents: []
  m_SourcePrefab: {fileID: 100100000, guid: a2ae1b5e155024a63be9a69f3c265063, type: 3}
--- !u!1001 &4890734296296730090
PrefabInstance:
  m_ObjectHideFlags: 0
  serializedVersion: 2
  m_Modification:
    m_TransformParent: {fileID: 1075246380}
    m_Modifications:
    - target: {fileID: 3100467591963322880, guid: 175ba9842379c4b80a4d2d401499f206, type: 3}
      propertyPath: pos1
      value: 
      objectReference: {fileID: 99586702}
    - target: {fileID: 3100467591963322880, guid: 175ba9842379c4b80a4d2d401499f206, type: 3}
      propertyPath: pos2
      value: 
      objectReference: {fileID: 306736000}
    - target: {fileID: 3100467591963322880, guid: 175ba9842379c4b80a4d2d401499f206, type: 3}
      propertyPath: startPos
      value: 
      objectReference: {fileID: 99586702}
    - target: {fileID: 4194476493564209399, guid: 175ba9842379c4b80a4d2d401499f206, type: 3}
      propertyPath: m_RootOrder
      value: 6
      objectReference: {fileID: 0}
    - target: {fileID: 4194476493564209399, guid: 175ba9842379c4b80a4d2d401499f206, type: 3}
      propertyPath: m_LocalPosition.x
      value: -3.8000002
      objectReference: {fileID: 0}
    - target: {fileID: 4194476493564209399, guid: 175ba9842379c4b80a4d2d401499f206, type: 3}
      propertyPath: m_LocalPosition.y
      value: 3.9882145
      objectReference: {fileID: 0}
    - target: {fileID: 4194476493564209399, guid: 175ba9842379c4b80a4d2d401499f206, type: 3}
      propertyPath: m_LocalPosition.z
      value: 1.7417433
      objectReference: {fileID: 0}
    - target: {fileID: 4194476493564209399, guid: 175ba9842379c4b80a4d2d401499f206, type: 3}
      propertyPath: m_LocalRotation.w
      value: 1
      objectReference: {fileID: 0}
    - target: {fileID: 4194476493564209399, guid: 175ba9842379c4b80a4d2d401499f206, type: 3}
      propertyPath: m_LocalRotation.x
      value: -0
      objectReference: {fileID: 0}
    - target: {fileID: 4194476493564209399, guid: 175ba9842379c4b80a4d2d401499f206, type: 3}
      propertyPath: m_LocalRotation.y
      value: -0
      objectReference: {fileID: 0}
    - target: {fileID: 4194476493564209399, guid: 175ba9842379c4b80a4d2d401499f206, type: 3}
      propertyPath: m_LocalRotation.z
      value: -0
      objectReference: {fileID: 0}
    - target: {fileID: 4194476493564209399, guid: 175ba9842379c4b80a4d2d401499f206, type: 3}
      propertyPath: m_LocalEulerAnglesHint.x
      value: 0
      objectReference: {fileID: 0}
    - target: {fileID: 4194476493564209399, guid: 175ba9842379c4b80a4d2d401499f206, type: 3}
      propertyPath: m_LocalEulerAnglesHint.y
      value: 0
      objectReference: {fileID: 0}
    - target: {fileID: 4194476493564209399, guid: 175ba9842379c4b80a4d2d401499f206, type: 3}
      propertyPath: m_LocalEulerAnglesHint.z
      value: 0
      objectReference: {fileID: 0}
    - target: {fileID: 5978629871284600841, guid: 175ba9842379c4b80a4d2d401499f206, type: 3}
      propertyPath: m_Name
      value: BlockMovingVert
      objectReference: {fileID: 0}
    m_RemovedComponents: []
  m_SourcePrefab: {fileID: 100100000, guid: 175ba9842379c4b80a4d2d401499f206, type: 3}
--- !u!4 &4890734296296730091 stripped
Transform:
  m_CorrespondingSourceObject: {fileID: 4194476493564209399, guid: 175ba9842379c4b80a4d2d401499f206, type: 3}
  m_PrefabInstance: {fileID: 4890734296296730090}
  m_PrefabAsset: {fileID: 0}
--- !u!212 &5670710966078713605 stripped
SpriteRenderer:
  m_CorrespondingSourceObject: {fileID: 7312695261434422946, guid: 05490a90b677e48419ae5950603b6713, type: 3}
  m_PrefabInstance: {fileID: 3155193805753518503}
  m_PrefabAsset: {fileID: 0}
--- !u!1001 &6507952837220022525
PrefabInstance:
  m_ObjectHideFlags: 0
  serializedVersion: 2
  m_Modification:
    m_TransformParent: {fileID: 1075246380}
    m_Modifications:
    - target: {fileID: 4194476493564209399, guid: cb8700bd0570f4e3da3d938666e9d2d9, type: 3}
      propertyPath: m_RootOrder
      value: 0
      objectReference: {fileID: 0}
    - target: {fileID: 4194476493564209399, guid: cb8700bd0570f4e3da3d938666e9d2d9, type: 3}
      propertyPath: m_LocalPosition.x
      value: -7.7006674
      objectReference: {fileID: 0}
    - target: {fileID: 4194476493564209399, guid: cb8700bd0570f4e3da3d938666e9d2d9, type: 3}
      propertyPath: m_LocalPosition.y
      value: 2.7482147
      objectReference: {fileID: 0}
    - target: {fileID: 4194476493564209399, guid: cb8700bd0570f4e3da3d938666e9d2d9, type: 3}
      propertyPath: m_LocalPosition.z
      value: 1.7417433
      objectReference: {fileID: 0}
    - target: {fileID: 4194476493564209399, guid: cb8700bd0570f4e3da3d938666e9d2d9, type: 3}
      propertyPath: m_LocalRotation.w
      value: 1
      objectReference: {fileID: 0}
    - target: {fileID: 4194476493564209399, guid: cb8700bd0570f4e3da3d938666e9d2d9, type: 3}
      propertyPath: m_LocalRotation.x
      value: -0
      objectReference: {fileID: 0}
    - target: {fileID: 4194476493564209399, guid: cb8700bd0570f4e3da3d938666e9d2d9, type: 3}
      propertyPath: m_LocalRotation.y
      value: -0
      objectReference: {fileID: 0}
    - target: {fileID: 4194476493564209399, guid: cb8700bd0570f4e3da3d938666e9d2d9, type: 3}
      propertyPath: m_LocalRotation.z
      value: -0
      objectReference: {fileID: 0}
    - target: {fileID: 4194476493564209399, guid: cb8700bd0570f4e3da3d938666e9d2d9, type: 3}
      propertyPath: m_LocalEulerAnglesHint.x
      value: 0
      objectReference: {fileID: 0}
    - target: {fileID: 4194476493564209399, guid: cb8700bd0570f4e3da3d938666e9d2d9, type: 3}
      propertyPath: m_LocalEulerAnglesHint.y
      value: 0
      objectReference: {fileID: 0}
    - target: {fileID: 4194476493564209399, guid: cb8700bd0570f4e3da3d938666e9d2d9, type: 3}
      propertyPath: m_LocalEulerAnglesHint.z
      value: 0
      objectReference: {fileID: 0}
    - target: {fileID: 5978629871284600841, guid: cb8700bd0570f4e3da3d938666e9d2d9, type: 3}
      propertyPath: m_Name
      value: Block
      objectReference: {fileID: 0}
    m_RemovedComponents: []
  m_SourcePrefab: {fileID: 100100000, guid: cb8700bd0570f4e3da3d938666e9d2d9, type: 3}
--- !u!4 &6507952837220022526 stripped
Transform:
  m_CorrespondingSourceObject: {fileID: 4194476493564209399, guid: cb8700bd0570f4e3da3d938666e9d2d9, type: 3}
  m_PrefabInstance: {fileID: 6507952837220022525}
  m_PrefabAsset: {fileID: 0}
--- !u!95 &9107234593488816203 stripped
Animator:
  m_CorrespondingSourceObject: {fileID: 6246505739660199039, guid: 05490a90b677e48419ae5950603b6713, type: 3}
  m_PrefabInstance: {fileID: 3155193805753518503}
  m_PrefabAsset: {fileID: 0}
